3284 5480
891 569 1073 628 —tut-

450 709 658 780 memoriam
678 715 904 778 revocassent
921 725 994 777 non
1016 707 1136 778 minus
1153 708 1381 778 vehementer
1399 707 1437 777 in
1457 725 1524 778 ea·

448 831 530 904 dem
550 834 722 922 Excerpta
741 833 957 903 insectatum
977 830 1089 904 inisse
1108 831 1219 902 atium
1241 831 1426 902 bominem
1451 831 1521 922 qui

448 956 493 1028 ad
512 975 642 1047 pueros
662 957 904 1029 instituendos
924 975 997 1028 non
1016 975 1143 1047 pamm
1163 956 1373 1037 contulerit,
1392 957 1519 1046 Napo-

448 1081 589 1154 teonem
617 1083 670 1152 1¹·
688 1082 788 1166 dico,
810 1084 914 1172 cnjus
932 1081 1041 1153 rerba
1059 1081 1190 1154 reterre
1209 1081 1262 1153 ias
1289 1081 1357 1153 erit
1382 1106 1392 1151 ι
1421 1108 1437 1145 ‹
1459 1081 1521 1152 On

448 1225 539 1278 nous
549 1207 750 1278 instruisait
762 1204 832 1279 tres
842 1208 913 1278 mat
929 1205 951 1278 a
966 1206 1119 1278 Brienne
1132 1230 1142 1288 ;
1156 1206 1519 1298 j’avaisquinzeans‚

447 1350 494 1402 on
522 1350 643 1404 neme
670 1333 807 1404 mettait
833 1340 934 1404 entre
963 1333 1015 1404 les
1046 1333 1162 1404 maius
1196 1349 1266 1422 quo
1296 1331 1519 1422 d'insipides

447 1458 640 1530 extraits..
670 1459 739 1529 Des
760 1457 925 1530 entraits!
958 1458 1124 1531 metbode
1151 1455 1353 1549 pitopabte!
1375 1457 1410 1528 ia
1429 1458 1516 1547 jeu·

447 1600 552 1654 nesse
573 1601 594 1652 a
613 1581 663 1654 du
682 1590 798 1673 temps
818 1601 910 1673 pour
935 1584 1002 1654 lire
1022 1585 1253 1674 longuement
1273 1590 1308 1654 et
1332 1581 1376 1653 de
1398 1581 1518 1652 limu-

445 1707 606 1797 ginction
632 1725 723 1796 pour
741 1707 848 1778 saisir
867 1713 983 1779 tontes
1003 1708 1054 1779 ies
1080 1707 1234 1798 grandes
1251 1707 1378 1778 choses
1398 1703 1469 1800 (i).
1495 1734 1512 1770 ι

447 1833 489 1903 Et
510 1850 591 1902 vero
611 1850 718 1920 qnam
745 1831 848 1903 multi
873 1834 1041 1902 exstitere
1067 1830 1236 1921 discipuli
1266 1831 1328 1921 qni
1354 1831 1519 1921 pessimo

445 1956 595 2045 huiusce
611 1954 707 2027 modi
719 1955 892 2027 librorum
908 1956 1084 2028 beneficio
1094 1963 1207 2028 totum
1219 1954 1421 2027 studiorum
1434 1973 1518 2026 cur·

445 2081 597 2152 ricutum
618 2082 925 2173 perlustraverint,
944 2083 1085 2154 laureas
1102 2089 1137 2155 et
1156 2081 1288 2174 gradus
1304 2081 1424 2173 adepti
1438 2081 1519 2154 ine

446 2207 537 2287 rint,
556 2226 621 2277 nec
642 2214 761 2278 tamen
781 2207 960 2299 optimos,
981 2226 1044 2279 seu
1064 2215 1222 2290 veteres,
1247 2227 1311 2279 seu
1339 2209 1516 2279 recentio-

445 2349 522 2411 res,
558 2331 748 2422 scriptores
781 2333 888 2423 plane
920 2333 1169 2423 cognoverint,
1206 2332 1289 2404 ilios
1326 2332 1432 2404 otiam
1474 2332 1514 2402 in

444 2456 578 2546 quibus
608 2457 802 2547 plurimum
830 2460 1002 2549 temporis
1028 2457 1345 2548 consumpserint?
1363 2458 1516 2530 Constat

444 2588 564 2652 tamen
584 2583 706 2672 pueris
724 2602 797 2653 non
817 2591 954 2654 tantum
976 2589 1167 2673 suppetere
1184 2583 1357 2673 temporis
1377 2601 1443 2654 nec
1462 2585 1516 2656 ita

443 2707 621 2777 intentum
640 2708 801 2778 animum
822 2726 902 2779 esse
922 2715 963 2778 ut
980 2725 1107 2778 omnes
1125 2707 1317 2798 scriptores
1337 2708 1382 2780 ad
1399 2714 1515 2780 extre·

442 2847 541 2901 mum
561 2830 693 2921 legant.
716 2832 858 2922 Optima
876 2850 959 2923 ergo
980 2831 1069 2904 ratio
1088 2831 1127 2901 in
1146 2831 1308 2923 legendis
1328 2833 1515 2923 scriptori-

441 2953 511 3026 bus
531 2955 619 3027 baec
637 2974 716 3028 esse
734 2955 895 3036 ridetur,
917 2975 1026 3047 quam
1044 2955 1150 3028 Vires
1170 2975 1245 3028 non
1270 2957 1514 3049 improbasset

442 3086 478 3152 et
496 3098 568 3170 qua
587 3099 653 3151 usa
671 3088 727 3153 est
745 3089 868 3152 nostra
882 3088 980 3154 aetas
1002 3106 1012 3152 :
1034 3080 1172 3153 bilibri
1187 3081 1375 3154 scilicetin
1395 3081 1513 3153 mani-

440 3203 708 3295 bnspuerorum
715 3206 903 3278 tradantur
911 3206 1041 3298 integri
1048 3204 1246 3298 (expurgati
1256 3205 1509 3297 quidemcum

440 3348 498 3402 res
532 3328 779 3422 postulaverit)
811 3349 902 3422 quos
927 3349 1140 3422 cognoscere
1171 3332 1327 3402 maxime
1348 3330 1508 3422 expedit,

440 3455 613 3545 Excerpta
631 3475 713 3527 rero
737 3456 881 3527 illorum
906 3473 998 3546 quos
1022 3473 1066 3528 ex
1092 3455 1230 3547 integro
1250 3457 1367 3547 legere
1386 3456 1510 3546 pueris

440 3596 512 3650 non
535 3577 712 3652 vacat'aut
732 3581 881 3652 minime
900 3579 1001 3652 libet.

487 3706 564 3774 tam
585 3712 698 3776 totum
725 3731 741 3768 ‹
762 3703 1024 3777 adolescentiae
1048 3705 1295 3778 curriculum»
1329 3711 1364 3776 et
1382 3703 1507 3778 orbem

439 3827 669 3900 scientiarum
686 3830 819 3919 quibus
835 3829 1099 3901 instituendum
1122 3847 1201 3902 esse
1217 3848 1367 3920 puerum
1383 3836 1507 3901 censet

436 3952 541 4025 Vives
549 3953 803 4045 percurrimus.
814 3953 979 4026 Attamen
988 3971 1263 4044 nonpossumus
1271 3955 1509 4026 tacereomni·

438 4095 486 4148 no
499 4095 591 4168 quae
602 4077 697 4150 idem
708 4077 838 4151 dixerit
850 4077 895 4150 de
904 4077 1054 4168 legenda
1062 4077 1227 4161 historia,
1239 4079 1503 4169 quippequam‚

349 4393 355 4404 .
468 4361 502 4422 (1)
519 4360 677 4418 Villemain,
694 4362 850 4407 Sonoeuirs
866 4361 1107 4420 contemporaries,
1124 4364 1159 4407 Μ.
1176 4362 1210 4407 cie
1225 4361 1391 4417 Narbonae,
1404 4373 1432 4420 p.
1451 4356 1504 4408 157.
