3284 5480
900 573 1059 638 „10-

445 714 513 787 hus
534 713 681 787 edoctus
706 713 906 806 ignominia
934 712 1064 804 dignus
1084 719 1139 786 est
1164 719 1199 786 et
1224 711 1396 786 dedecore
1419 707 1512 806 (¹)’

446 859 519 931 qua
539 859 622 914 rero
642 840 858 921 instructus,
887 866 902 904 c
930 840 1081 912 summis
1106 839 1268 913 evehitur
1293 838 1467 912 laudibus
1496 864 1513 902 ›

446 965 610 1057 quamvis
636 965 790 1036 «nullas
805 971 900 1038 artes
921 965 1069 1036 omniuo
1088 971 1220 1038 teneat.
1242 991 1257 1028 ›

495 1088 589 1176 Quid
612 1090 840 1180 eloquentius
861 1088 931 1161 dici
957 1096 1074 1181 potest
1091 1087 1137 1161 ad
1156 1087 1409 1162 confutandam
1431 1086 1517 1179 opi·
1576 1123 1583 1146 ε

446 1215 591 1287 ninnem
612 1231 735 1287 eorum
762 1216 823 1306 qui
845 1215 1079 1288 destitutores
1104 1214 1302 1287 litterarum
1323 1213 1448 1305 pietati
1477 1230 1521 1284 ac

447 1338 610 1430 religioni
662 1338 929 1412 infensissimos
976 1358 1057 1413 esse
1101 1345 1186 1412 tunc
1229 1336 1522 1412 existimabant?

446 1463 644 1555 splendido
665 1483 753 1538 sane
773 1465 936 1557 exemplo
957 1483 1036 1537 cum
1057 1466 1221 1538 vitatum
1247 1464 1378 1556 scripta
1397 1464 1521 1556 ipsius

445 1588 542 1660 Vivis
562 1589 760 1662 ostendunt
777 1608 883 1679 qtram
906 1591 1033 1661 intima
1054 1588 1239 1672 societate,
1262 1607 1370 1680 quam
1391 1585 1520 1662 stricto

445 1712 586 1785 vinculo
603 1714 770 1805 conjungi
792 1715 933 1805 possint
951 1715 1066 1805 pietas
1086 1721 1121 1788 et
1140 1714 1307 1788 eruditio.

496 1837 620 1910 Fuisse
637 1857 718 1910 vero
741 1839 919 1922 nomines,
940 1841 1002 1932 qui
1017 1841 1111 1912 XV1⁰
1126 1840 1268 1912 sacculo
1287 1839 1382 1911 lianc
1400 1838 1521 1912 socie·

446 1969 552 2036 tatem
576 1964 677 2035 nullo
697 1972 800 2055 pacto
821 1965 973 2038 existere
995 1983 1102 2056 posse
1126 1964 1296 2038 duxerint
1313 1970 1347 2037 et
1367 1965 1429 2054 qui
1451 1965 1524 2036 cla·

447 2088 579 2159 marini
598 2107 669 2162 «er
690 2089 819 2162 litteris
840 2091 1021 2173 haereses
1043 2090 1249 2172 schismata,
1268 2088 1523 2163 antechristos

448 2215 544 2287 nasei
572 2241 615 2297 ›,
647 2241 662 2276 ι
694 2215 869 2288 haeresim
896 2235 976 2290 esse
1005 2215 1095 2289 scire
1121 2217 1271 2289 Graecas
1298 2217 1439 2308 linguas
1471 2243 1520 2299 ›,

454 2338 629 2431 ‹linguas
660 2359 741 2413 esse
766 2343 927 2413 omnium
953 2361 1114 2415 errorum
1142 2343 1374 2415 seminarium
1394 2338 1473 2435 (i),
1500 2368 1516 2406 ›

448 2463 627 2537 difficilem
649 2484 728 2537 esse
752 2463 963 2536 Troositum
982 2465 1194 2537 Hellenr'smr'
1209 2465 1261 2537 od
1281 2459 1524 2538 Christianis·
1612 2480 1615 2486 ’

423 2610 546 2658 rorara
566 2587 634 2684 (5),
657 2610 727 2663 uno
744 2591 852 2663 verbo
873 2591 1010 2664 litteras
1031 2610 1111 2664 esse
1130 2599 1205 2664 tum
1223 2589 1327 2672 fidei,
1348 2597 1424 2662 tum
1440 2608 1522 2663 mo·

448 2733 525 2785 rum
545 2716 803 2807 corruptelam,
824 2716 928 2789 Vives
949 2723 984 2789 et
1003 2735 1083 2788 cum
1102 2735 1143 2788 eo
1169 2714 1334 2787 Budaeus
1354 2721 1388 2786 et
1407 2716 1520 2787 Eras-

448 2857 528 2910 mus
557 2838 689 2932 pariter
715 2847 896 2913 testantur
926 2837 991 2934 (d).
1025 2842 1156 2913 Eorum
1190 2840 1286 2912 enim
1320 2840 1524 2930 unicuique

448 2964 689 3036 necessarium
710 2965 824 3036 risum
854 2964 920 3037 luit
947 2973 1018 3038 tam
1043 2965 1169 3036 miram
1197 2965 1404 3056 opinionem
1432 2983 1522 3037 con·

448 3088 575 3164 tutare.
596 3088 775 3161 Adversus
801 3109 901 3172 eam,
931 3090 1025 3163 serio
1052 3098 1087 3163 et
1115 3090 1284 3162 omnibus
1312 3089 1521 3163 dialecticae

447 3213 665 3306 adjumentis
684 3214 848 3295 fulcitus.
869 3222 1137 3309 argumentatur
1156 3216 1274 3290 Vives,

479 3553 514 3618 (l)
529 3559 566 3604 De
583 3556 741 3604 tradendis
757 3557 930 3616 disciplinis,
946 3555 1001 3616 ale,
1018 3556 1073 3618 255,
1086 3556 1141 3607 256.

481 3642 514 3706 (i)
529 3641 669 3702 Erasmus,
686 3646 814 3704 Epistol,
832 3646 892 3706 595;
909 3648 1099 3705 Antibarbar.,
1116 3646 1163 3694 lib.
1179 3646 1254 3699 VIII.

481 3731 515 3796 (3)
532 3732 578 3782 Sic
598 3732 760 3783 inscribitur
778 3734 848 3782 liber
870 3735 982 3796 quidam
997 3735 1103 3784 Budaei
1118 3735 1148 3784 in
1165 3749 1219 3798 quo
1240 3735 1386 3785 ostendere
1402 3738 1520 3784 conatur

449 3835 624 3884 nequaquam
640 3821 851 3872 Christianismo
867 3824 977 3872 obstare
993 3823 1201 3873 Hellenismum.
1442 3801 1445 3808 Α

481 3911 513 3975 (l)
530 3911 660 3960 Budaeus
675 3925 756 3974 aegro
771 3913 824 3960 fert
837 3927 848 3957 u
860 3912 1081 3961 criminationem
1093 3912 1247 3961 litterarum
1257 3921 1427 3974 graecarum,
1439 3911 1519 3973 quasi

451 4014 575 4050 errorum
591 4001 731 4050 seminarii
748 4017 760 4048 o
781 4001 828 4064 (Dc
844 4003 939 4050 studio
962 4004 1123 4050 litterarum
1140 4005 1212 4049 recte
1228 4003 1253 4048 et
1269 4000 1417 4048 commode
1433 4001 1519 4047 inati-

451 4087 577 4152 tuendo).
594 4089 700 4138 Ibidem
720 4089 817 4138 addit:
836 4105 848 4134 o
864 4089 960 4152 Nuper
976 4095 1068 4138 tamen
1082 4088 1238 4139 hominen...
1255 4085 1452 4136 exstiterunt...
1471 4085 1519 4146 qui

449 4179 560 4242 linguae
574 4191 689 4240 graecae
704 4178 840 4241 peritiam,
853 4178 1007 4227 litterarum
1017 4177 1091 4227 haud
1104 4177 1188 4226 dubie
1201 4179 1336 4225 bonarum
1349 4173 1517 4236 magistram,

449 4279 597 4330 pravarum
622 4267 786 4329 opinionum
805 4265 970 4315 institricem
993 4280 1054 4316 esse
1074 4266 1246 4316 fremuerunt
1266 4267 1293 4313 et
1308 4261 1489 4314 assertricem.
1506 4277 1518 4310 u

451 4379 482 4393 -
497 4353 539 4406 Gi.
555 4354 675 4416 Rabirio,
690 4357 851 4405 Guillaumc
866 4356 974 4416 Budde,
992 4370 1018 4418 p.
1037 4353 1090 4416 181,
1107 4353 1159 4404 tac.
