3284 5480
929 523 1089 586 ,13-

477 658 670 751 quamdam
692 659 932 753 persuadendi
960 659 1092 734 addere
1120 667 1159 733 ut
1191 659 1276 733 vitia
1306 659 1475 752 cllugiant
1501 665 1533 730 et

476 784 657 857 salubrem
677 785 934 858 continentiam
953 785 1227 875 amplectantur.

525 909 595 981 Sed
619 910 692 999 Jam
718 908 847 980 initum
874 916 930 980 est
955 907 1238 991 matrimonium,
1256 909 1331 999 jam
1354 913 1459 980 natus
1483 912 1533 980 est

476 1032 595 1116 iilius;
618 1033 705 1123 quid
726 1033 825 1124 prius
845 1033 883 1104 in
903 1032 1064 1105 animum
1085 1033 1154 1104 sihi
1183 1033 1354 1106 inducent
1372 1038 1532 1124 parentes

475 1157 546 1229 uisi
567 1157 656 1230 adeo
677 1155 923 1229 difficillimam
945 1175 1018 1229 rem
1040 1175 1119 1228 esso
1139 1156 1386 1230 educationem
1408 1155 1533 1229 libero·

475 1301 553 1354 rum
578 1290 617 1353 ut
642 1282 800 1372 requirat
826 1282 1010 1353 ‹multam
1031 1300 1198 1354 curam...
1226 1280 1529 1354 sollicitudines...

473 1407 688 1480 anxietatem
708 1404 815 1502 (l)?»
836 1406 913 1478 Viri
931 1407 1026 1480 euim
1045 1406 1152 1480 verba
1171 1425 1243 1478 non
1264 1413 1453 1498 suppetere
1472 1423 1532 1496 pu·

474 1538 527 1604 tes
547 1538 586 1604 ut
612 1549 704 1621 quae
729 1531 774 1603 de
791 1550 834 1604 ea
852 1549 890 1603 re
909 1531 1040 1604 sentiat
1066 1532 1154 1602 satis
1174 1531 1403 1603 vehementer
1420 1529 1532 1621 expri-

473 1655 1533 1746 mwmmmmmmffim

472 1783 597 1855 saltem
619 1781 690 1854 illis
712 1781 839 1853 solatio
863 1800 942 1854 esse
964 1781 1060 1872 quod
1088 1788 1186 1855 tauto
1206 1798 1315 1853 onere
1342 1781 1530 1852 leventur:

479 1932 494 1969 ‹
516 1908 613 1992 Quae
632 1906 850 1984 liberorum,
875 1906 1046 1987 miserae,
1069 1910 1140 1976 tam
1162 1903 1241 1977 dira
1260 1902 1435 1976 liniunt»
1461 1903 1530 1984 ait,

1615 1887 1617 2042 l

479 2038 690 2121 «quantum
720 2031 917 2121 periculum
951 2049 1011 2103 eos
1053 2029 1237 2102 nutriendi
1269 2037 1304 2103 et
1329 2029 1529 2111 educandi,
1615 2043 1617 2046 ·

472 2174 580 2246 quam
603 2163 770 2228 aeternus
790 2153 978 2228 metusl...
1005 2155 1042 2226 Si
1063 2155 1325 2228 sollicitudines
1342 2162 1377 2227 et
1394 2173 1532 2226 aerum·

472 2299 539 2350 nae
559 2299 650 2370 quae
676 2281 849 2351 matribus
876 2279 941 2350 ulii
963 2280 1109 2370 pariunt
1136 2279 1174 2351 in
1198 2278 1330 2352 tabella
1353 2279 1453 2350 vobis
1475 2279 1532 2351 de·

470 2406 720 2496 pingerentur,
744 2405 844 2476 nulla
873 2411 967 2477 esset
998 2403 1154 2476 filiorum
1188 2405 1291 2477 avida
1323 2400 1533 2477 moliendi

1614 2287 1617 2392 l

1615 2443 1617 2538 l

471 2530 545 2602 dlxi
565 2537 704 2602 tantum
724 2531 769 2602 de
788 2531 947 2602 maribus
964 2529 1069 2613 filiis;
1089 2531 1127 2601 in
1147 2529 1314 2603 foeminis
1332 2531 1532 2602 custodien-
1616 2541 1617 2600 l

470 2655 526 2727 dis
551 2673 643 2745 quae
671 2655 879 2727 carnificina
906 2653 1116 2728 auxietatis!
1146 2682 1161 2719 r
1193 2657 1339 2739 Fateor,
1362 2674 1436 2728 rem
1463 2656 1530 2728 mi·
1616 2737 1617 2740 p

469 2780 567 2853 nime
588 2780 732 2852 dubiam
754 2780 945 2852 immodico
961 2779 1133 2852 orationis
1149 2786 1322 2870 apparatu
1339 2780 1533 2871 amplificat

468 2905 594 2992 Vives;
630 2904 856 2988 declamitat,
885 2911 919 2976 et
955 2922 1034 2976 cum
1065 2923 1157 2976 onus
1193 2922 1324 2994 pueros
1355 2904 1531 2978 educandi

476 3029 644 3101 «mortis
670 3029 831 3099 instar»
872 3027 1102 3100 metuendum
1138 3027 1313 3110 declarat,
1349 3029 1531 3104 veritatem

469 3152 619 3225 excedit.
642 3153 679 3224 Si
700 3152 790 3224 forte
814 3151 909 3225 filios
934 3153 1120 3226 habuisset
1142 3149 1207 3248 (i),
1235 3153 1451 3246 experiendo
1480 3155 1532 3256 dig
1616 3145 1617 3238 ἐ

500 3489 532 3558 (1)
547 3497 584 3541 De
599 3493 783 3542 institutione
797 3492 929 3541 mulieris
944 3491 1126 3550 christianae,
1142 3502 1168 3554 p.
1180 3486 1235 3540 tta.

498 3578 531 3646 (2)
547 3582 582 3631 Ni
598 3582 691 3639 fallor,
708 3581 759 3628 hac
775 3581 809 3629 de
825 3595 908 3629 causa
926 3581 1048 3628 laborem
1065 3580 1168 3628 liberos
1190 3579 1326 3629 educandi
1347 3578 1428 3630 dictis
1448 3584 1532 3646 auget
1616 3559 1617 3604 ᾖ

468 3671 533 3732 quia
549 3682 645 3718 carens
660 3669 720 3730 ipse
734 3668 828 3716 liberis
844 3668 897 3716 sibi
913 3671 940 3716 et
954 3668 1035 3716 uxori
1051 3680 1133 3729 saepe
1149 3671 1303 3717 tentaverat
1317 3668 1485 3729 persuadere
1502 3682 1532 3718 so

467 3759 560 3822 potius
578 3758 714 3820 supplicio
730 3762 757 3805 ct
771 3756 930 3805 carnificina
945 3770 1026 3818 quam
1040 3756 1142 3820 gaudio
1162 3769 1263 3806 carere.
1286 3756 1333 3807 Sic
1347 3757 1438 3805 mariti
1452 3770 1532 3808 moc-

467 3861 558 3896 rorem
576 3848 693 3896 rhetoris
711 3847 887 3908 amplificatio
907 3847 1055 3895 solabatur.
1073 3846 1171 3894 Vivam
1190 3845 1320 3894 habuisse
1339 3845 1442 3894 liberos
1456 3845 1532 3895 affir-

467 3942 522 3985 mat
535 3942 631 3985 auctor
646 3936 757 3998 quidam
772 3935 949 3998 (Biopraphic
964 3938 1148 3995 universalia,
1165 3940 1230 3986 tom.
1247 3932 1372 3996 XLVII),
1389 3932 1437 3982 scd
1452 3935 1532 3984 nullo

466 4027 624 4076 testimonio
639 4027 745 4088 probat.
758 4053 789 4060 -
802 4023 843 4075 Ol.
858 4023 1004 4084 Namdche,
1017 4039 1043 4086 p.
1058 4024 1098 4076 29.
1107 4050 1139 4060 -
1150 4023 1202 4072 Hic
1214 4022 1353 4072 notandus
1368 4036 1446 4072 error
1459 4024 1531 4074 alius

467 4116 588 4165 auctoris
603 4114 681 4177 (Paul
698 4113 839 4175 Souquet,
855 4118 906 4162 Les
922 4114 1064 4162 derivatas
1077 4114 1256 4174 pedapopuca
1272 4115 1311 4160 du
1328 4113 1456 4162 seizteme
1472 4115 1531 4163 sie·
1616 4141 1617 4190 5

466 4209 520 4264 cle,
542 4206 666 4253 Extrau'ls
686 4205 735 4250 des
755 4215 878 4264 motor-cs,
900 4206 963 4262 etc„
986 4200 1059 4263 1886,
1080 4215 1107 4264 p.
1123 4199 1162 4264 98)
1177 4199 1225 4263 qui
1239 4199 1338 4251 Vivam
1354 4215 1367 4247 a
1384 4199 1530 4255 valentiae
1616 4197 1617 4278 J

466 4295 627 4358 episcopum
643 4308 655 4338 u
671 4291 757 4340 fuisso
773 4291 848 4339 dicit.
