3284 5480
562 593 723 656 ..55-

108 728 209 821 operi
237 747 310 800 non
339 729 440 821 prius
465 727 650 822 indulgeat
675 749 783 822 quam
810 733 966 824 amplam
987 733 1173 808 verborum

110 853 248 944 copiam
267 861 400 936 teneat.
730 845 732 852 ’

76 1011 78 1016 ·
158 979 236 1064 Quo
256 979 395 1052 facilius
419 980 512 1052 bano
528 980 597 1051 sibi
615 988 783 1073 pararent
802 982 939 1073 copiam
955 985 1074 1075 pueri,
1098 1003 1176 1058 mos

110 1101 308 1176 invaluerat
321 1103 393 1176 illis
409 1104 574 1177 tradendi
590 1105 702 1178 libros
719 1107 894 1196 quosdam
910 1110 1092 1180 communi
1108 1109 1176 1182 sub

109 1226 257 1300 nomine
279 1225 541 1321 colloquiorum
563 1230 782 1322 designatos,
800 1232 837 1302 in
859 1233 992 1323 quibus
1012 1234 1176 1324 exempla

111 1352 374 1440 praebebantur
407 1355 488 1445 puri
512 1373 562 1458 >ao
594 1355 700 1427 nitidi
736 1358 927 1430 sermonis.
962 1359 1175 1448 Hujusmodi

109 1476 221 1548 libros
246 1478 320 1567 jam
348 1477 536 1552 ediderant
561 1480 778 1553 llosellanus
805 1478 951 1575 (1117),
973 1483 1176 1575 llegendor-

111 1601 243 1692 pbinus
269 1599 408 1696 (1511),
431 1604 671 1676 Sobotennlns
696 1612 779 1678 ante
798 1624 933 1678 annum
957 1610 1068 1688 lttd.
1091 1615 1174 1692 etc,

27 1825 28 1830 Ν
110 1733 172 1802 eto.
204 1724 270 1821 (l).
293 1729 365 1800 Hos
392 1735 511 1802 tomen
538 1746 664 1801 omnes
691 1731 972 1806 antecellueraut
994 1731 1175 1826 Colloqor'u

27 1831 28 1862 ³
111 1853 247 1924 lirasmi
274 1849 416 1947 (1111),
446 1873 539 1945 quae
559 1872 640 1927 mor
659 1854 698 1925 in
723 1855 891 1928 manibus
916 1856 1175 1950 discipulorum

111 1995 170 2068 per
202 1956 330 2050 omnes
360 1979 502 2052 scholas
535 1985 673 2051 versata
701 1979 855 2052 inerant.
885 1980 955 2052 Sed
980 2001 1061 2054 curn
1091 1984 1173 2064 ille,

112 2108 231 2192 utpote
252 2102 365 2192 magis
385 2104 582 2194 elegantiae
601 2104 790 2176 verborum
810 2112 845 2177 et
868 2107 1013 2196 puritati
1041 2125 1176 2180 sermo·

111 2226 165 2300 nis
196 2245 306 2318 quam
341 2227 505 2320 religioni
534 2236 569 2301 et
600 2228 729 2320 pudori
758 2230 932 2314 larentia,
955 2232 1176 2314 Universitas

111 2351 337 2434 parisiensis,
350 2370 446 2423 anno
465 2355 571 2435 1529,
585 2371 736 2425 censura
751 2353 960 2457 notavisset,
974 2354 1011 2426 in
1031 2354 1175 2429 illorum

111 2474 224 2550 locum
254 2477 347 2548 alius
371 2477 463 2550 liber
489 2476 735 2568 subjiciendus
762 2476 849 2558 init,
876 2478 1052 2570 elegantia
1079 2479 1173 2552 baud

27 2664 29 2676 .
111 2599 242 2693 impar,
266 2601 448 2673 doetrinae
470 2602 671 2694 integritate
693 2604 944 2693 praestantior.
968 2605 1176 2675 1111111111-

27 2755 30 2828 1
110 2722 187 2797 iecit
218 2727 342 2808 Vires,
365 2727 529 2816 quamvis
556 2728 609 2798 illi
638 2746 717 2799 curn
744 2729 890 2799 Erasmo
923 2746 1052 2819 magna
1080 2736 1176 2801 esset

112 2849 348 2922 necessitudo.
372 2850 443 2922 Sed
465 2850 698 2923 reverentiam
723 2869 835 2942 puero
862 2850 1018 2922 debitam
1041 2853 1171 2943 majes-

27 2983 28 3008 t
110 2979 290 3066 tatemqne
309 2975 504 3067 Religionis
523 2977 663 3048 summi
689 2977 753 3048 viri
777 2976 954 3049 amicitiae
979 2995 1174 3069 praepone-

27 3183 28 3198 Ν
110 3097 180 3172 bat.
200 3101 322 3174 Novus
343 3100 401 3172 bio
420 3101 689 3191 colloquiorum
712 3100 803 3174 liber
812 3155 830 3190 ,.,
841 3099 1005 3194 Linguae
1024 3100 1177 3173 Latinae

110 3221 337 3296 Eccrcitalio
356 3225 566 3322 inscriptus,
590 3245 811 3318 magnacum
827 3225 939 3318 gratia
960 3225 1027 3298 tuit
1046 3243 1173 3317 exeep-

110 3475 262 3530 lexicorum
282 3479 518 3538 enumerationem
534 3480 657 3530 omnium
675 3482 709 3528 ab
726 3479 874 3529 undecimo
890 3480 1001 3529 saeculo
1016 3465 1050 3527 ad
1067 3483 1176 3528 sextum

111 3567 247 3618 decimum
268 3568 414 3619 editorum.
437 3570 538 3620 Omnia
559 3583 630 3632 quae
649 3573 714 3642 ante
740 3568 801 3620 ltro
824 3570 900 3619 edita
917 3571 1027 3619 lucrant
1049 3567 1116 3617 dicit
1131 3567 1176 3617 Du

110 3654 200 3721 Gange
212 3659 295 3722 plena
305 3671 366 3708 esse
383 3661 515 3709 ridiculis
531 3674 563 3709 ac
571 3661 684 3720 putidis
695 3661 882 3721 etymologiis,
896 3672 948 3708 nec
963 3671 1024 3708 esse
1037 3677 1049 3703 1
1059 3661 1176 3721 purgata
1288 3683 1290 3688 .

110 3745 299 3798 aLatinitatis
314 3749 453 3798 sordibus.
474 3765 486 3795 1
508 3749 563 3799 Sed
583 3747 725 3798 Laurentii
745 3747 840 3796 Vallae
860 3747 931 3796 duos
949 3747 1071 3810 indices,
1089 3746 1175 3796 Grae-

110 3848 169 3885 cum
189 3839 322 3898 alterum,
340 3839 455 3888 alterum
474 3829 619 3896 Latinum',
637 3837 727 3886 editos
744 3851 776 3886 oo
790 3850 877 3899 annu,
894 3841 921 3886 et
938 3853 950 3884 1
966 3839 1174 3886 Dictiorrarium

110 3927 294 3987 catonianum
310 3943 322 3974 11
343 3925 424 3991 (1500)
445 3927 585 3976 Ambrosii
607 3942 623 3975 a
643 3926 776 3989 Galepino
793 3925 868 3974 idem
886 3926 997 3985 laudat,
1017 3940 1069 3975 nec
1089 3925 1174 3974 Vives

109 4015 300 4083 reprehendit,
317 4021 348 4066 ut
363 4016 460 4079 credo,
479 4015 528 4064 sed
544 4020 651 4064 tantum
665 4029 722 4063 non
741 4027 802 4064 esse
823 4015 890 4063 setis
908 4017 1004 4076 ampla
1025 4014 1173 4063 existimat.

43 4161 48 4174 ι
109 4100 243 4154 Lexicum
260 4105 335 4168 quod
352 4106 412 4168 ipse
435 4109 512 4168 optat
529 4105 612 4154 debet
630 4117 691 4154 esse
709 4103 812 4166 duplex
832 4107 859 4152 et
880 4106 1007 4154 constare
1027 4118 1039 4148 1
1059 4102 1175 4151 alterum

110 4195 316 4244 enumeratione
333 4200 439 4244 tantum
453 4197 615 4255 verborum,
632 4192 710 4243 brevi
725 4191 956 4255 interpretatione
970 4191 1086 4254 adjecta,
1104 4190 1173 4238 alte-

110 4293 168 4330 rum
184 4284 327 4348 copiosius
344 4284 425 4333 dictis
441 4288 586 4334 auctorum
599 4281 777 4332 intermixtis.
795 4297 807 4329 1

139 4370 172 4436 (1)
187 4372 229 4424 Gi.
244 4371 426 4435 Massebieau,
442 4377 494 4424 lues
509 4375 654 4434 cultoques
669 4373 812 4420 scolaires.

987 4460 1005 4521 5
