3284 5480
562 583 723 643 ..77-

106 727 209 803 11111;
231 721 294 792 sed
322 720 359 792 hi
387 721 528 793 scholas
556 740 629 793 non
656 721 952 811 frequentabant,
974 721 1010 792 in
1040 721 1175 813 quibus

105 844 247 936 primus
268 845 408 918 videtur
428 844 539 918 luisse
553 845 707 918 lacobus
723 845 837 919 Faber
853 846 914 937 qui
937 865 1016 919 vere
1037 853 1072 918 et
1090 844 1178 920 lide·

105 969 189 1040 liter
204 970 405 1043 Aristotelis
422 971 607 1061 Physicam
626 971 881 1061 interpretatus
898 978 953 1042 est
971 966 1036 1064 (1).

157 1094 260 1166 Vives
289 1113 371 1166 vero
404 1095 675 1167 altercationum
709 1102 894 1185 pertaesus
928 1113 1018 1185 quas
1048 1113 1177 1186 spurca
1255 1085 1259 1094 ’

106 1217 309 1290 Aristotelis
337 1219 455 1310 proles
481 1220 572 1291 circa
592 1219 659 1292 hos
678 1219 791 1290 libros
812 1219 857 1291 de
877 1219 1027 1311 Physica
1046 1219 1177 1292 excita·

105 1343 185 1426 bat,
206 1344 355 1415 omnino
374 1363 522 1435 prorsus
543 1342 757 1434 rejiciendos
785 1343 991 1418 existimare
1011 1342 1173 1428 videtur;

106 1486 189 1540 nam
217 1493 232 1532 ι
253 1468 343 1540 adeo
363 1467 444 1540 duri
464 1487 505 1541 ac
523 1467 686 1541 difficiles
707 1474 793 1539 sunt
812 1475 851 1540 ut
870 1467 907 1538 in
931 1467 1100 1540 omnibus
1122 1488 1176 1540 ra·
1211 1517 1216 1528 ·

106 1591 240 1664 tionem
261 1591 405 1682 exigant
423 1591 478 1664 vel
499 1591 668 1665 sensibus
687 1591 885 1682 expositam
906 1593 959 1664 vel
985 1591 1096 1663 menti
1123 1591 1177 1663 in·

106 1715 311 1788 vincibilem
328 1714 401 1811 (1);
419 1744 433 1781 ι
451 1717 600 1808 insuper
614 1717 711 1808 pleni
728 1723 814 1788 sunt
831 1715 1033 1789 innumeris
1049 1715 1176 1789 litibus

54 1827 61 1844 ⁸
107 1858 196 1931 quas
216 1839 373 1913 intendit
392 1841 601 1913 Aristoteles
624 1841 661 1912 in
682 1849 818 1913 veteres
839 1840 1075 1931 philosophos
1095 1840 1175 1930 qui·

105 1963 257 2037 buscum
272 1965 379 2038 etiam
396 1965 484 2037 satis
504 1964 667 2056 improbe
682 1965 776 2056 agit,
804 1982 919 2035 «uam
936 1965 1082 2037 invertit
1098 1965 1177 2037 illo-

108 2107 184 2162 rum
218 2089 274 2161 vel
309 2107 416 2162 sensa
446 2090 500 2162 vel
535 2090 654 2162 verba.
678 2117 694 2154 ›
718 2088 786 2160 Vix
812 2088 944 2161 librum
972 2087 1177 2170 deMundo

108 2220 236 2295 servat,
265 2213 340 2284 ‹in
366 2233 438 2304 quo
468 2215 611 2306 phrasis
638 2213 833 2304 jucundior
851 2219 906 2285 est
925 2221 961 2285 ct
988 2215 1177 2305 perspicua

108 2339 233 2430 magis,
254 2367 269 2404 ›
293 2347 328 2412 et
350 2341 549 2413 «volumen
569 2339 614 2413 de
631 2339 871 2412 Animalibus.
891 2367 906 2404 ›
925 2341 1021 2411 lnter
1040 2348 1175 2413 veteres

108 2461 251 2534 Latinos
272 2463 335 2553 qui
359 2463 552 2536 denatura
572 2465 812 2554 scripserunt,
835 2464 1027 2546 Catonem,
1048 2465 1176 2537 Varro-

109 2603 201 2670 nem,
221 2588 470 2672 Columellam,
490 2589 645 2660 Plinium
666 2589 794 2680 probat
812 2585 876 2681 (5).
896 2589 965 2660 Sed
983 2589 1105 2660 nullus
1121 2590 1174 2661 illi

108 2711 198 2784 alius
219 2712 311 2785 liber
328 2714 439 2806 magis
455 2713 602 2786 assidue
623 2713 795 2805 legendus
812 2713 963 2797 videtur,
983 2733 1090 2804 quam
1112 2733 1175 2786 na-

109 2839 185 2907 tura
209 2837 309 2928 ipsa,
332 2836 370 2909 iu
390 2840 492 2930 cujus
515 2839 816 2930 contemplatione
842 2847 1014 2930 perpetuo
1040 2840 1174 2912 versari

109 2963 349 3034 necessarium
384 2972 458 3045 est,
490 2961 597 3037 etiam
632 2982 712 3036 cum
746 2965 818 3035 otio
853 2964 1082 3056 indulgemus
1114 2975 1177 3038 aut

108 3084 389 3160 deambulationi
418 3108 597 3161 vacamus
631 3115 647 3151 ‹
676 3087 923 3161 Deambulatio
957 3088 1037 3178 ipsa
1066 3095 1176 3179 atque

109 3211 220 3285 otiosa
239 3215 492 3305 contemplatio
512 3221 547 3286 et
566 3214 688 3285 schola
706 3221 760 3286 est
778 3220 812 3284 et
828 3213 1009 3304 magister,
1027 3219 1067 3284 ut
1081 3231 1176 3303 quae

136 3480 167 3544 (1)
183 3479 368 3544 Massebieau,
385 3483 544 3545 Memotres,
561 3488 612 3532 etc.

136 3570 166 3634 (1)
182 3576 220 3620 De
237 3574 405 3632 Tradendr's,
422 3571 476 3621 347.
738 3631 741 3637 Ι

136 3660 168 3724 (3)
184 3661 299 3710 Nullum
318 3661 391 3710 inter
412 3662 582 3711 recentiores
602 3661 750 3725 legendum
769 3661 890 3721 indicat,
908 3673 942 3709 ex
963 3672 996 3710 eo
1022 3659 1096 3723 quod
1117 3661 1175 3709 fere

0 3737 1 3740 '
109 3749 196 3799 nullus
212 3749 247 3798 de
266 3749 386 3812 Physica
406 3751 564 3814 scripserat.
580 3751 752 3800 Decurrente
774 3751 848 3799 enim
867 3749 930 3798 XVI
946 3751 1058 3799 saeculo
1074 3763 1174 3799 novem

109 3839 211 3886 tantum
225 3842 354 3888 auctores
368 3839 499 3889 videntur
513 3839 600 3888 fuisse
615 3838 662 3902 qui
676 3839 710 3888 de
726 3839 776 3888 hac
789 3839 905 3888 materia
916 3839 951 3887 ad
964 3853 1046 3887 usum
1062 3839 1173 3887 schola-

109 3937 164 3975 rum
192 3928 372 3978 tractaverint
396 3927 449 3992 (Gt.
477 3929 570 3977 Maste
593 3929 803 3989 pedepopr'oue‚
829 3927 959 3976 fascicule
980 3935 1009 3974 n⁰
1035 3925 1071 3990 3);
1103 3940 1174 3989 quo·

109 4027 165 4064 rum
186 4017 243 4066 duo
264 4031 349 4080 opera
368 4031 419 4066 sua
439 4021 502 4065 ante
523 4017 635 4066 edidero
656 4031 738 4079 quam
761 4017 846 4065 libros
869 4029 936 4065 suos
957 4015 1052 4064 ederet
1074 4014 1173 4074 Vive5‚

110 4100 224 4155 lacobus
240 4106 346 4155 scilicet
361 4106 461 4167 Faber,
479 4119 551 4154 anno
570 4106 627 4156 lsbl
643 4105 823 4169 (introductio
843 4106 871 4153 in
889 4107 1038 4166 Plrysr'cam
1062 4106 1174 4153 Aristo·

111 4193 175 4258 telis)
195 4200 222 4244 et
242 4194 360 4245 Carolus
380 4195 495 4244 Bovilus
515 4194 710 4258 (Physicoruru
732 4199 946 4243 Elcrnerttorurn
967 4193 1031 4242 libri
1054 4192 1173 4256 decom),

0 4299 1 4328 r
110 4291 175 4331 anuo
191 4282 258 4332 lslt.
278 4283 319 4332 Do
341 4283 383 4332 his
401 4285 476 4332 nulla
491 4285 521 4332 tlt
537 4284 640 4332 mentio
657 4283 728 4346 apud
752 4283 859 4340 Vivam,
876 4282 923 4344 qui
944 4287 1035 4331 tamen
1053 4281 1174 4331 Geome-

110 4367 182 4417 triam
201 4371 292 4421 Bovili
309 4371 410 4420 editam
426 4371 573 4422 ann01503
590 4372 772 4421 commendat.
