3284 5480
908 597 952 640 ..Ι
969 565 1008 632 30
1028 597 1068 614 .-

457 722 599 797 semper
626 704 780 777 retinere
803 712 838 777 et
865 721 1006 777 servare
1031 703 1138 777 debet
1163 703 1328 776 lomina:
1357 729 1373 768 ‹
1403 703 1525 778 Discat

339 861 343 870 ·
457 847 540 921 ergo
559 829 668 901 simul
688 829 844 910 litteras,
866 827 975 901 simul
994 828 1114 900 lanam
1134 834 1170 900 et
1189 827 1303 900 linum
1323 835 1520 900 tractare...

457 960 492 1025 et
523 970 769 1044 quaecumque
805 952 851 1024 ad
884 952 1053 1025 tuendam
1088 957 1122 1026 et
1151 951 1342 1044 regendam
1374 951 1523 1024 domurn

457 1086 619 1170 spectant
640 1076 742 1170 (1).»
769 1077 830 1150 liei
857 1076 1073 1150 domesticae
1098 1082 1260 1168 praeest;
1287 1075 1395 1167 bujus
1414 1075 1522 1148 officii

456 1222 567 1277 onera
586 1205 709 1277 leviter
733 1205 927 1285 sustineat,
950 1220 1016 1275 nee
1038 1202 1120 1275 aliis
1140 1204 1290 1274 molesta
1314 1219 1393 1274 esse
1417 1201 1520 1274 ierat.

458 1331 531 1402 lloc
549 1327 676 1402 alliciet
696 1327 724 1400 si
754 1329 852 1420 operi
875 1345 1021 1399 manum
1048 1327 1237 1400 admovere
1256 1327 1355 1397 illam
1373 1345 1447 1398 non
1468 1327 1521 1418 pi·

456 1453 565 1545 gebit,
586 1452 726 1544 quoties
744 1451 965 1542 expedierit;
989 1451 1045 1523 sin
1064 1450 1180 1533 aliter,
1203 1449 1334 1523 frustra
1351 1449 1521 1523 altiorum

456 1578 727 1670 disciplinarum
756 1577 869 1668 perita
895 1577 979 1657 erit,
1001 1575 1101 1648 nullo
1131 1575 1237 1648 morlo
1263 1583 1362 1666 grata
1381 1575 1522 1648 bomini

456 1703 600 1776 cordato
620 1703 719 1775 orit:
755 1701 938 1775 «Femina
964 1701 1130 1793 displicet
1153 1701 1241 1773 mibi
1268 1701 1399 1774 artium
1429 1719 1523 1792 quae

456 1827 623 1902 manibus
650 1831 846 1899 tractantur
872 1825 1084 1916 imperita...
1110 1844 1151 1898 ac
1176 1844 1223 1899 ne
1248 1825 1415 1918 princeps
1441 1825 1522 1918 qui·

455 1951 558 2038 dem,
581 1969 647 2024 neo
677 1951 799 2042 regina
816 1945 925 2045 (ἢ.)
958 1951 1076 2042 lpsam
1104 1968 1186 2042 ergo
1210 1957 1322 2022 artem
1349 1950 1521 2042 coquina·

456 2075 544 2146 riam
559 2073 686 2147 callere
702 2073 831 2147 debet:
847 2073 1010 2146 ‹nemioi
1026 2073 1168 2147 culinae
1183 2091 1315 2146 nomon
1326 2073 1514 2147 sordeat.»

455 2199 577 2296 Sciant
596 2198 693 2271 enim
714 2216 805 2289 quae
822 2197 978 2271 culinam
995 2197 1197 2286 fastidiunt,
1223 2198 1389 2272 «focdari
1406 2199 1521 2292 magis

454 2343 601 2396 manum
621 2324 653 2396 si
673 2323 875 2416 porrigatur
892 2324 1010 2397 alieno
1030 2324 1105 2395 viro
1125 2341 1233 2414 quam
1263 2323 1294 2396 si
1320 2323 1521 2416 intingatur

454 2448 622 2540 iuligine,
639 2455 673 2520 et
702 2447 843 2539 turpius
862 2465 941 2521 esso
960 2447 1119 2538 conspici
1138 2447 1176 2518 in
1196 2448 1324 2520 oboreo
1346 2465 1456 2540 quam
1479 2447 1518 2520 in

454 2573 624 2646 culina.»
654 2573 776 2645 Sciant
803 2573 951 2664 insuper
980 2573 1079 2644 illam
1112 2580 1224 2647 artem
1260 2591 1334 2646 non
1367 2592 1517 2665 parvum

452 2697 622 2771 beatioris
642 2697 734 2768 ritae
750 2714 830 2768 esse
845 2697 1140 2777 instrumentum,
1158 2715 1237 2769 oum
1255 2696 1352 2770 domi
1368 2696 1519 2770 maritos

452 2822 603 2895 retineat
624 2844 633 2892 :
661 2838 769 2911 ‹qua
787 2819 832 2894 de
852 2839 959 2892 causa
978 2820 1043 2891 viri
1068 2819 1106 2891 in
1132 2821 1199 2893 bac
1225 2821 1364 2912 Belgica
1382 2839 1516 2912 caupo·

453 2953 585 3019 uantur
605 2963 711 3037 saepe
736 2964 778 3017 ao
804 2943 986 3044 multum?
1015 2945 1245 3036 Praecipuum
1270 2963 1350 3018 esse
1371 2964 1516 3018 causam

450 3077 598 3144 autumo
619 3065 869 3162 negligentiam
895 3075 929 3141 et
953 3068 1129 3161 ignaviam
1150 3069 1363 3142 feminarum
1391 3070 1429 3140 in
1454 3087 1515 3141 oo·

452 3194 607 3287 queudis
627 3193 716 3266 cibis
741 3211 833 3285 quae
856 3195 947 3285 cogit
971 3194 1065 3267 viros
1084 3214 1105 3265 a
1125 3194 1231 3266 domo
1257 3194 1450 3268 abhorrere
1480 3201 1518 3266 et

451 3318 539 3390 alibi
558 3335 707 3408 querere
727 3316 824 3408 quod
844 3316 941 3389 domi
961 3335 1034 3389 nou
1054 3318 1244 3390 inveniunt
1261 3314 1330 3410 (3),
1355 3346 1371 3383 ›

501 3444 594 3516 llaec
604 3448 659 3515 est
672 3442 826 3515 feminae
840 3441 1047 3514 educandae
1060 3442 1150 3515 ratio
1164 3461 1256 3532 quae
1267 3441 1346 3513 Viri
1360 3439 1517 3515 tenenda

451 3568 699 3651 essentiatur,
718 3575 752 3640 et
767 3585 859 3658 quae
874 3567 1057 3649 omnibus,
1075 3573 1115 3640 ut
1130 3566 1248 3650 credo,
1269 3566 1448 3639 laudanda
1465 3567 1516 3637 ri·

450 3691 605 3766 debitur.
627 3694 704 3765 Non
730 3693 826 3765 enim
851 3692 989 3783 ingrata
1009 3692 1076 3764 erit
1104 3693 1297 3784 pinguibus
1324 3693 1397 3764 illis
1418 3692 1515 3782 inge·

451 3817 807 3908 absumentum
834 3818 972 3908 lepores
1000 3836 1125 3908 parom
1153 3818 1334 3901 curantia,
1362 3816 1515 3890 libenter

480 4150 513 4219 (l)
527 4157 564 4205 lle
578 4155 683 4213 irretit„
698 4151 742 4216 73,
757 4151 796 4206 ll.

479 4242 512 4304 (r)
528 4242 609 4304 rma,
623 4241 662 4295 rl.

380 4399 383 4404 Ι
479 4331 513 4397 (3)
529 4337 566 4383 be
581 4335 708 4383 institut.
724 4334 801 4395 tem„
818 4331 857 4386 79.
