3284 5480
621 635 782 698 ..51-

162 774 415 850 concederent.
438 773 735 866 superstitiosum
755 773 853 844 bunc
871 771 1006 846 cultum
1026 791 1068 845 ao
1085 772 1231 846 stultam

163 899 376 990 religionem
396 899 585 990 impugnat
604 898 724 978 Vives,
741 897 848 968 modo
867 897 1109 979 stomachans.
1125 899 1232 970 modo

162 1024 339 1104 irridens,
362 1030 398 1095 et
415 1041 456 1096 oo
476 1023 650 1094 libentius
673 1040 745 1112 quo
764 1023 843 1112 ipse
869 1023 1067 1094 accuratius
1087 1031 1234 1096 noverat

164 1150 319 1220 Graecos
340 1148 736 1237 Latinosqueauotores
751 1152 786 1217 et
801 1146 981 1237 sagaciore
996 1146 1235 1220 admiratione

164 1271 467 1364 prosequebatur.
481 1271 610 1344 Nullus
621 1271 717 1344 euim
734 1271 828 1343 iuter
837 1271 1005 1361 aequales
1017 1272 1127 1344 tantis
1138 1273 1235 1345 Aris·

163 1399 311 1470 totalem
332 1397 448 1469 evexit
467 1394 658 1476 laudibus,
682 1395 804 1466 nullus
827 1401 967 1467 mutum
991 1396 1059 1468 bao
1078 1397 1234 1470 Tulliani

62 1527 67 1533 '
165 1522 346 1596 sermonis
366 1523 567 1614 profluente
587 1520 761 1593 suavitate
785 1527 893 1612 atque
920 1539 1050 1594 canora
1072 1521 1235 1596 ubertate

165 1648 365 1720 delectatus
379 1655 445 1720 est.
459 1649 584 1737 ltaque
599 1667 620 1718 a
636 1645 781 1718 nemine
796 1646 894 1736 rejici
910 1653 1049 1738 poterat
1063 1654 1233 1738 tanquam

165 1771 395 1862 antiquitatis
417 1773 564 1864 ignarus
584 1777 820 1861 contemptor,
844 1788 923 1842 cum
945 1788 984 1844 se
1008 1772 1121 1863 magis
1142 1772 1235 1842 vet-i-

166 1895 249 1966 tatis
263 1896 420 1968 amicum
432 1917 541 1990 quom
559 1893 723 1965 Platonis
738 1892 938 1988 praeberet,
955 1901 990 1966 ct
1004 1895 1082 1985 pari
1097 1895 1235 1969 ratione

43 2013 55 2032 ”
166 2029 205 2094 et
225 2021 373 2114 paribus
397 2020 534 2093 facetiis
561 2019 763 2092 aristotelis
788 2026 823 2091 et
846 2019 1028 2092 Ciceronis
1053 2047 1068 2084 ‹
1094 2039 1233 2094 servum

166 2163 309 2237 pecus»
332 2143 496 2217 irrideret
515 2151 550 2217 et
572 2151 724 2235 urgeret.
744 2145 793 2214 Ea
809 2144 999 2235 praecipue
1011 2163 1118 2217 causa
1133 2146 1235 2220 sobo·

168 2270 286 2341 lastioi
306 2275 543 2360 corruperunt
561 2267 845 2359 philosophiam,
862 2269 925 2351 ait,
945 2268 1043 2358 quod
1059 2271 1180 2361 potius
1196 2271 1235 2340 in

167 2393 318 2463 verbum
326 2393 465 2484 jurare
484 2391 655 2485 Mopistri
669 2411 776 2482 quam
795 2391 838 2464 ad
859 2392 1032 2465 rationem
1052 2393 1237 2469 attendere

37 2567 43 2578 ·
166 2520 303 2592 addicti
323 2525 457 2601 essent,
480 2524 515 2590 ot
532 2536 573 2590 ea
594 2517 731 2589 litterae
747 2516 853 2587 modo
869 2524 1013 2589 renatae
1028 2524 1237 2609 torpescunt

121 2729 122 2732 Ν
168 2645 268 2736 quod
285 2662 359 2717 nou
374 2644 465 2715 alios
486 2643 642 2714 babeant
656 2642 814 2714 fautores
829 2660 936 2732 quam
953 2642 1119 2715 homines
1134 2663 1236 2717 caeca

168 2768 398 2859 antiquitatis
418 2767 648 2838 veneratione
667 2751 842 2839 amentes.
865 2767 966 2838 Tales
986 2774 1104 2840 autem
1126 2787 1165 2841 se
1184 2771 1235 2841 vi·

169 2892 269 2966 dissc
289 2899 464 2965 testatur:
489 2919 504 2956 ‹
519 2891 615 2974 Vidi,
631 2891 765 2982 inquit,
782 2892 845 2982 qui
864 2892 1059 2965 versiculos
1077 2894 1236 2967 bominis

168 3017 337 3098 viventis,
357 3016 454 3107 quod
471 3017 508 3087 in
526 3022 707 3108 pervetere
728 3016 948 3088 Bibliotheca
966 3018 1095 3108 reperti
1115 3027 1237 3093 essent

171 3142 317 3233 pulvere
334 3141 442 3214 obsiti
467 3159 508 3212 ao
528 3141 603 3231 jam
623 3140 696 3212 tere
715 3139 811 3211 exesi
832 3140 958 3222 tineis,
980 3149 1102 3232 aperto
1123 3144 1236 3234 capite

171 3273 362 3338 veneratus
376 3265 425 3336 sit
442 3273 614 3356 tanquam
632 3264 873 3356 Vergilianum
896 3272 931 3336 et
945 3265 1038 3337 alius
1054 3266 1235 3340 Ciceronis

172 3391 375 3482 epistolam,
399 3390 456 3462 cui
475 3389 616 3472 consult
634 3406 790 3461 onomen
808 3396 883 3461 erat
898 3389 1142 3481 praepositum
1162 3392 1236 3483 gal-

172 3514 301 3596 licum,
325 3533 454 3606 magno
476 3513 620 3586 fastidio
643 3522 855 3605 aspernatus
885 3521 957 3598 est,
984 3514 1106 3588 addito
1130 3517 1236 3589 etiam

172 3638 332 3716 convicio
351 3637 539 3710 barbariae
558 3639 804 3730 transalpinae
821 3634 890 3731 (l).
917 3666 932 3703 ›

223 3763 287 3836 His
315 3762 433 3855 lepide
462 3762 587 3843 dictis,
619 3781 748 3854 magna
780 3781 860 3836 cum
896 3765 1066 3855 gravitate
1097 3765 1235 3838 addit:

179 3915 195 3954 ‹
220 3891 325 3961 Falsa
349 3894 402 3960 est
424 3893 532 3979 atquc
555 3887 677 3978 inepta
696 3889 760 3960 illa
779 3889 978 3961 similitudo
1000 3891 1237 3981 quammulti

172 4021 347 4105 tanquam
367 4012 612 4084 acutissimam
639 4014 823 4104 excipiunt
850 4033 917 4086 nos
941 4014 991 4084 cd
1012 4017 1152 4108 priores
1170 4014 1238 4086 cot-

172 4137 258 4210 lctos
286 4142 419 4208 esseut
447 4159 558 4208 nonos
586 4138 624 4208 in
652 4135 812 4208 humeris
836 4138 1042 4231 piperatum.
1073 4140 1151 4212 Nou
1185 4146 1240 4210 est

204 4417 238 4484 (1)
252 4379 416 4479 lle-Causio,
430 4433 456 4482 p.
473 4418 511 4468 42.
