3284 5480
893 547 1052 613 ..20-

443 694 591 762 naturae
611 707 703 780 quae
722 689 867 764 tributis
887 689 1053 764 mammis
1071 689 1224 764 clamare
1242 689 1383 766 ridetur
1404 714 1413 761 ε
1433 689 1501 764 Νιι·

442 815 525 885 triat
552 832 644 904 quae
673 815 810 907 peperit
837 811 901 909 (l).
933 841 949 880 ι
978 815 1135 895 Deinde,
1158 833 1238 889 cunt
1258 815 1500 906 grandiusculi

426 947 548 1011 eruut
568 941 692 1030 pueri,
721 966 736 1004 ‹
756 941 835 1031 ipsa
854 946 966 1013 mater
986 940 1122 1014 litteras
1143 939 1225 1013 illos
1247 937 1372 1012 doceat
1391 945 1430 1012 ut
1447 957 1501 1012 ea·

431 1064 522 1136 'dom
556 1072 702 1138 utantur
737 1072 866 1148 matre,
893 1065 1062 1156 genitrice
1094 1070 1129 1138 et
1162 1064 1343 1156 magistra.
1371 1089 1386 1129 r
1413 1066 1502 1136 llaec

440 1196 603 1261 materna
623 1188 801 1262 institutio
821 1189 986 1281 progredi
1013 1197 1130 1280 potest
1156 1191 1251 1263 ultra
1270 1190 1386 1280 prima
1406 1189 1498 1262 litte·

440 1331 559 1385 rarum
587 1314 797 1386 elementa:
828 1333 937 1385 ‹non
964 1313 1031 1386 erit
1062 1315 1142 1405 piae
1173 1315 1278 1386 matri
1312 1314 1499 1386 molestum

439 1463 455 1502 ›
487 1438 541 1509 rel
561 1438 703 1510 lectioni
719 1438 922 1528 sapientum
941 1444 976 1511 et
995 1444 1199 1512 sanctorum
1220 1439 1394 1512 librorum
1415 1455 1498 1528 ope·

439 1587 455 1626 ι
487 1581 562 1634 rarn
591 1562 696 1645 dare,
719 1563 749 1634 si
778 1581 851 1634 non
872 1581 954 1644 sua,
977 1569 1070 1636 certe
1095 1563 1289 1636 liberorum
1309 1563 1442 1655 gratia,
1464 1567 1501 1633 ul

439 1711 454 1751 ι
487 1684 628 1758 erudiat
656 1694 690 1759 et
719 1687 887 1759 meliores
918 1685 1101 1759 reddat.»
1140 1689 1238 1760 Tunc
1271 1687 1393 1763 multis
1420 1695 1515 1759 cunr·

438 1811 607 1882 laudibus
636 1819 809 1885 rnernorat
832 1813 1035 1903 exemploru
1051 1803 1180 1884 'matris
1201 1810 1387 1903 cujusdam
1410 1827 1501 1902 quae

444 1962 459 2000 ‹
481 1942 568 2008 natu
586 1937 660 2027 jam
680 1936 849 2027 grandior
873 1936 1003 2009 litteris
1024 1955 1064 2010 se
1087 1945 1123 2010 et
1142 1937 1340 2028 praeceptis
1361 1952 1499 2007 morum

436 2059 607 2142 tradidit,
635 2066 773 2131 tanturn
803 2067 842 2132 ut
866 2060 953 2132 haec
978 2060 1016 2131 in
1045 2059 1140 2132 lilios
1169 2059 1449 2132 transfunderet.
1477 2084 1493 2123 ι

436 2183 529 2268 Quid
556 2184 586 2254 si
613 2183 762 2256 vidisset
788 2183 851 2255 llas
880 2191 1023 2256 nostrae
1052 2185 1178 2257 aetatis
1208 2193 1339 2258 rnatres
1359 2182 1498 2274 aliquid

434 2307 605 2397 temporis
623 2325 750 2378 sonrno
770 2293 960 2398 aut'quieti
982 2307 1093 2381 debiti
1114 2308 1356 2400 subripientes
1373 2315 1411 2380 ut
1425 2307 1498 2379 dis·

434 2438 517 2503 cant
532 2448 623 2521 quae
641 2407 765 2522 graeca
784 2431 907 2523 lingua
921 2432 1053 2522 scripta
1073 2438 1158 2504 sunt
1174 2431 1301 2524 legere,
1322 2450 1414 2523 quae
1430 2431 1498 2503 lin·

434 2574 503 2646 gua
529 2555 640 2626 latina
668 2555 834 2627 nonnihil
863 2555 1084 2647 intelligere,
1114 2563 1222 2646 atque
1249 2556 1362 2627 rnulto
1392 2573 1504 2628 mauu.
1618 2649 1619 2652 Ν

434 2687 620 2772 surgentes
648 2687 682 2753 et
708 2699 820 2773 puero
845 2681 964 2752 adhuc
982 2682 1019 2752 in
1040 2681 1169 2753 lectulo
1191 2681 1388 2772 quiescenti
1408 2681 1498 2752 assi·
1618 2691 1619 2728 l

432 2804 559 2878 dentes
578 2813 618 2879 ut
637 2806 829 2878 ediscenda
848 2823 1013 2897 quaeque
1032 2811 1067 2878 et
1085 2805 1291 2878 memoriter
1309 2805 1347 2876 in
1363 2803 1497 2876 scholis
1617 2825 1619 2848 ¹

431 2930 699 3023 pronuntianda
718 2949 798 3002 cunr
824 2929 914 3022 ipsis
934 2927 1110 3003 revolvat!
1137 2930 1165 3002 0
1185 2929 1307 3002 felices
1334 2926 1493 3002 matresl

461 3170 668 3235 (ubernent,
684 3168 751 3220 257:
768 3184 781 3218 o
802 3167 883 3218 Haud
901 3181 987 3231 parva
1008 3181 1074 3218 sene
1093 3169 1234 3229 mercede,
1249 3167 1340 3228 addit,
1361 3182 1377 3216 a
1397 3172 1497 3223 nature
1618 3185 1619 3216 l

430 3261 491 3325 ipsa
515 3260 650 3310 nutrienti
674 3273 724 3322 pro
748 3270 833 3320 opera
856 3257 973 3316 tributo,
999 3260 1026 3305 et
1049 3259 1179 3319 tanquam
1201 3257 1287 3306 relata
1311 3255 1399 3319 gratia
1421 3255 1496 3319 quod
1617 3235 1619 3314 l

429 3351 534 3400 foetum
558 3350 646 3413 ipsius
668 3347 787 3405 nutriat,
810 3349 841 3394 ut
865 3346 976 3394 saniora
1000 3346 1055 3394 sint
1076 3359 1193 3408 corpora
1217 3346 1326 3394 illarum
1348 3357 1418 3406 quae
1443 3343 1497 3394 hoc
1618 3329 1619 3348 ³

428 3440 546 3499 faciunt,
563 3452 626 3488 cum
645 3451 706 3496 eae,
726 3449 797 3499 quae
819 3435 960 3484 nutriendi
982 3436 1104 3484 laborem
1127 3439 1269 3496 recusant,
1285 3435 1358 3484 inter
1376 3436 1496 3486 lacteum

428 3526 572 3576 humorem
588 3524 797 3584 exsiccandum,
817 3525 934 3573 multum
953 3523 1053 3573 adeant
1072 3523 1198 3587 periculi.
1214 3523 1330 3572 Accedit
1348 3523 1391 3574 his
1419 3524 1495 3587 quod

428 3615 525 3664 utilius
543 3616 584 3662 est
598 3613 685 3662 loetui
700 3617 854 3662 maternum
872 3614 913 3660 lac
932 3626 1014 3675 quam
1028 3613 1145 3663 nutricis
1161 3627 1167 3663 :
1183 3617 1241 3662 turn
1262 3612 1328 3675 quia
1343 3625 1377 3661 ex
1393 3614 1494 3676 quibus

429 3707 587 3752 constamus
611 3715 646 3750 ex
667 3702 767 3752 iisdem
788 3702 1036 3764 congruentissime
1058 3703 1168 3764 alimur,
1184 3703 1309 3765 nihilque
1329 3706 1370 3752 est
1390 3715 1494 3754 conve-

428 3794 550 3844 nientius
562 3792 661 3841 infanti
676 3806 758 3855 quarn
771 3804 804 3841 ea
817 3791 878 3853 ipsa
892 3791 1047 3840 substantia
1062 3804 1096 3840 ex
1111 3805 1167 3854 qua
1184 3794 1226 3840 est
1239 3791 1339 3853 fictus;
1355 3795 1416 3848 tum
1428 3791 1495 3856 quie

427 3883 522 3933 nutrix
538 3895 594 3931 non
608 3893 670 3929 raro
691 3881 832 3928 alumnum
846 3893 928 3928 suum
942 3879 1070 3954 admovet
1085 3879 1191 3943 pectori
1211 3881 1299 3960 invita
1313 3885 1340 3932 ot
1354 3880 1493 3960 subirato..

427 3978 514 4022 mater
531 3976 628 4021 contra
649 3971 746 4020 alacris
764 3983 872 4032 sempor
887 3983 918 4018 ac
933 3970 1019 4029 laeta,
1036 3971 1080 4021 vel
1094 3969 1156 4033 ipso
1172 3971 1251 4033 pueri
1267 3971 1311 4019 sui
1326 3973 1492 4035 conspeetu,

427 4064 450 4111 si
466 4062 533 4125 quid
547 4063 605 4109 erat
620 4060 649 4107 in
661 4059 752 4108 animo
767 4057 865 4117 nubili,
879 4056 1039 4119 exhilarata,
1051 4057 1183 4120 gaudens,
1199 4057 1348 4120 ridensque
1359 4071 1392 4107 eo
1405 4059 1493 4121 magis

340 4145 343 4152 ’
428 4166 483 4214 quo
498 4150 608 4200 avidius
625 4148 702 4195 illurn
717 4146 828 4194 haurire
843 4145 1053 4208 contemplatur.
1071 4144 1152 4222 Quod
1168 4146 1192 4194 si
1208 4147 1300 4209 coepit
1315 4147 1371 4208 jam
1385 4146 1491 4211 ridere,

427 4245 474 4288 aut
502 4237 653 4295 balbutire,
674 4235 830 4284 incredibili
855 4235 996 4284 alacritate
1021 4248 1053 4283 oc
1074 4234 1182 4284 laetitia
1205 4235 1395 4300 pertunditur,
1416 4236 1492 4286 unde

426 4333 560 4391 quantum
575 4325 744 4376 salubritatis
759 4325 800 4373 lac
815 4323 917 4384 trahat,
934 4323 1010 4373 credi
1027 4336 1084 4373 non
1099 4326 1202 4386 posset.
1217 4339 1230 4372 o

1612 4521 1619 4870 l
