3284 5480
929 563 1089 626 ...66-

477 711 547 778 tus.
567 703 733 794 Undique
753 703 847 795 typis
869 701 1059 774 mandatus
1077 701 1144 774 init
1162 698 1227 796 (l),
1245 699 1531 772 annotationibus

476 829 692 921 explicatus,
724 828 761 899 in
792 829 968 920 vulgarem
997 846 1199 900 sermonem
1234 827 1443 900 translatus.
1470 827 1533 898 Neo

477 955 654 1026 immerito
675 953 842 1044 quidem;
865 953 1026 1026 eminent
1049 953 1204 1026 enimin
1226 971 1267 1024 eo
1291 937 1467 1024 sermonis
1485 969 1532 1022 ve·

477 1079 577 1160 ritas,
589 1077 890 1150 contabulationis
905 1078 1070 1150 alacritas
1085 1085 1120 1149 et
1134 1076 1245 1168 lepidi
1261 1077 1373 1156 sales;
1387 1075 1528 1147 vividam

477 1201 546 1274 sub
564 1202 687 1274 oeulos
707 1202 813 1274 relert
836 1202 1028 1294 imaginem
1053 1202 1215 1272 omnium
1236 1219 1354 1273 rerum
1376 1217 1468 1290 quae
1491 1197 1529 1268 ad

476 1326 678 1397 scholarum
701 1327 858 1418 regimen
880 1333 917 1400 et·
930 1326 977 1399 ad
995 1325 1288 1399 scholasticorum
1308 1326 1416 1398 vitam
1436 1323 1530 1415 porti·

476 1457 576 1521 nent.
596 1451 669 1522 Hoc
685 1451 866 1541 singulare
883 1450 992 1523 babet
1006 1449 1102 1540 quod
1120 1450 1233 1522 multa
1252 1449 1388 1522 Latinis
1404 1449 1527 1540 ignota,

476 1573 587 1644 latino
612 1575 759 1646 nomine
783 1573 964 1666 designat,
988 1574 1052 1647 sed
1075 1594 1097 1646 a
1118 1575 1250 1647 Graeca
1271 1575 1394 1666 lingua
1414 1575 1526 1666 petito.

477 1697 566 1769 lllud
587 1698 792 1789 appellandi
813 1718 926 1791 genus
946 1739 993 1752 -
1013 1719 1084 1790 quo
1105 1708 1175 1772 tam
1195 1699 1299 1772 multi
1319 1700 1432 1771 nostri
1453 1707 1528 1770 tem·

476 1821 573 1911 poris
600 1823 731 1896 eruditi
759 1831 981 1896 utuntur-
1011 1832 1095 1896 tune
1119 1825 1304 1897 insolitum
1332 1825 1449 1895 visum
1472 1821 1529 1893 luit

476 1963 593 2037 neque
617 1948 786 2020 omnibus
812 1949 1015 2040 probatum.
1039 1949 1109 2021 Sed
1135 1949 1220 2021 inde
1249 1949 1358 2021 crevit
1388 1948 1479 2020 lama
1500 1953 1529 2017 et

475 2073 588 2162 gratia
608 2073 738 2156 libelli,
760 2074 836 2157 oui,
857 2075 980 2148 multis
997 2075 1312 2165 explanationibus
1332 2063 1527 2166 etymologi-

476 2197 526 2268 eis
554 2197 749 2288 indigenti,
770 2199 874 2271 multi
901 2217 1084 2273 occurrere
1109 2199 1358 2289 explanatores
1384 2204 1420 2270 et
1444 2215 1526 2270 oom-

475 2329 692 2394 mentatores
714 2321 778 2416 (t).

525 2448 575 2519 De
595 2447 716 2538 lingua
731 2449 874 2532 Graeca,
893 2469 964 2541 qua
981 2449 1059 2541 ipse
1079 2457 1150 2521 tam
1171 2449 1273 2521 docte
1289 2455 1324 2520 ot
1343 2447 1526 2521 insolenter

506 2729 539 2794 (l)
554 2729 625 2780 Vide
640 2732 713 2795 apud
729 2731 866 2781 Namdcbe
882 2731 1033 2796 (Memoire,
1045 2731 1116 2795 ele),
1130 2737 1157 2782 et
1172 2734 1331 2793 Repertoire
1342 2734 1391 2780 des
1401 2740 1524 2790 ouvrages

473 2819 682 2882 pedepopiques
698 2825 737 2869 du
753 2824 881 2870 seizieme
897 2825 988 2883 siecle,
1005 2823 1118 2885 longum
1133 2821 1253 2870 indicem
1268 2822 1393 2870 locorum
1408 2825 1434 2870 et
1447 2831 1524 2868 anno-

474 2921 535 2957 rum
558 2910 659 2972 quibus
679 2910 770 2960 aditus
791 2911 856 2972 luit,
880 2915 908 2960 ot
928 2911 1001 2974 apud
1031 2911 1188 2960 Massebiau
1214 2910 1369 2974 (colloquar
1393 2907 1522 2966 sectaires)

475 2997 618 3046 historiam
638 2999 735 3048 harum
750 3000 1024 3063 interpretationum,
1041 3001 1252 3049 translationum
1267 3002 1297 3049 in
1314 3002 1422 3064 linguas
1438 2999 1522 3060 vulgo-

475 3101 533 3151 res,
549 3090 824 3150 commentariorum,
841 3095 908 3150 eto,
929 3091 959 3138 in
978 3090 1107 3139 undecim
1127 3091 1219 3154 capita
1237 3091 1366 3153 partitam
1391 3103 1421 3138 ac
1440 3085 1522 3151 paucis

473 3178 566 3227 vorbis
580 3181 756 3227 contractam.

504 3266 537 3330 (i)
557 3267 597 3316 Ex
612 3268 687 3316 illius
701 3267 764 3315 libri
780 3265 855 3316 XXV
869 3268 1023 3332 colloquiis
1039 3268 1106 3317 baec
1119 3272 1250 3332 excerpta
1264 3269 1356 3317 afferri
1371 3269 1469 3318 licoat:

774 3416 953 3468 REFEOTIO
973 3418 1237 3470 SOHOLASTICA.

505 3541 658 3595 Maorsrnn.
674 3543 759 3593 -Tu
773 3545 857 3594 babos
873 3543 1022 3606 cultellum,
1040 3543 1212 3607 Brugonsisi

506 3633 573 3683 Plso
588 3634 743 3698 (alumnus).
759 3662 790 3671 —
806 3635 981 3697 Prodigium,
1005 3634 1123 3683 Flander
1144 3635 1203 3683 sina
1228 3636 1402 3694 cultello,'et
1425 3633 1521 3698 quidem

474 3719 635 3784 Brugonsis,
651 3724 699 3772 ubi
713 3723 853 3772 cuduntur
868 3723 975 3786 optimi.

505 3811 674 3862 Neronunus
690 3812 869 3876 (Brngonsis).
886 3840 915 3848 -
931 3813 997 3878 Mihi
1014 3826 1081 3863 vero
1101 3814 1211 3862 cultello
1227 3813 1295 3861 nibil
1311 3818 1353 3862 est
1368 3827 1448 3877 opus,
1463 3810 1523 3859 don-

474 3901 548 3950 tibus
561 3901 684 3964 lrangam
699 3901 861 3961 mordendo,
875 3903 918 3952 vol
935 3902 1028 3965 digitis
1044 3903 1210 3950 bucellatum
1225 3902 1417 3953 comminuam.
1609 3951 1610 3966 ,

504 3991 657 4040 Memorem.
671 4015 700 4026 -
717 3990 771 4039 Ubi
784 3991 874 4039 iecisti
886 3991 988 4040 latinae
1000 3991 1111 4054 linguae
1124 3991 1292 4054 tyrocinium
1304 3989 1316 4038 l
1327 4005 1391 4040 nam
1401 3989 1461 4038 mihi
1472 3996 1523 4034 non
1609 4039 1610 4042 Ἴ

473 4080 577 4130 videris
592 4093 676 4142 prave
692 4079 845 4130 institutus.
1123 4145 1128 4156 .
1254 4091 1257 4096 ·

505 4170 684 4220 Nauorunus.
697 4195 729 4204 -
743 4168 853 4231 BrugiS,
870 4171 922 4217 sub
937 4169 1044 4219 Joanne
1060 4169 1206 4218 Theodoro
1221 4169 1334 4219 Neruio.

504 4259 657 4310 Maersraa.
671 4285 702 4293 -
716 4257 784 4307 Viro
801 4257 941 4321 diligente,
954 4258 1046 4320 docto,
1063 4259 1160 4322 probo,
1176 4261 1228 4307 etc.

1202 4347 1325 4412 (colloq,
1340 4347 1411 4412 Vll.)
