3284 5480
561 550 720 613 ..97-

101 697 242 762 ceteros
268 695 498 780 superaverat
517 691 687 762 Erasmus
707 686 944 778 amplitudine
963 687 1017 759 sui
1045 693 1171 757 tracta·

101 820 164 884 tus
191 812 410 884 stellatione
437 811 681 888 conscribendi
703 810 901 906 Epistolos,
931 812 994 903 qui
1027 810 1073 883 ad
1102 813 1170 882 tao

101 937 365 1028 grandissimas
399 939 566 1030 paginas,
600 937 759 1021 in-lolio,
798 938 1011 1011 minusculis
1044 937 1171 1009 litteris

103 1082 256 1136 excusas
277 1061 353 1160 (l),
375 1063 593 1137 extenditur.
616 1065 853 1138 Vehementer
870 1071 1004 1137 erraret
1023 1063 1085 1153 qui
1104 1064 1172 1134 hoc

102 1188 264 1262 immane
283 1193 450 1262 volumen
470 1189 516 1261 ad
534 1189 708 1281 puerilem
729 1208 833 1263 usum
855 1189 993 1281 aliquid
1012 1189 1172 1262 conterre

104 1313 287 1396 crederet;
310 1321 433 1389 auctor
451 1314 490 1386 in
509 1314 568 1386 his
588 1314 706 1405 lepide
723 1321 758 1386 et
771 1315 909 1398 tacete,
931 1315 1056 1387 multis
1078 1320 1173 1388 vete-

105 1457 186 1510 rum
207 1440 295 1514 locis
313 1442 477 1532 prolatis,
499 1443 659 1526 disserit,
681 1442 806 1514 eodem
827 1440 900 1514 lere
918 1439 1026 1512 modo
1046 1458 1117 1531 quo
1135 1438 1173 1510 in

104 1564 197 1656 ipsis
216 1565 401 1657 epistolis,
423 1586 574 1659 quarum
595 1574 707 1640 artem
726 1567 841 1650 docet,
859 1564 1086 1638 disserebant
1106 1564 1173 1635 hu·

102 1689 164 1778 jus
184 1691 311 1763 aetatis
333 1691 465 1764 eruditi
484 1693 565 1765 viri.
588 1693 685 1778 Quae
709 1690 881 1783 epistolae
899 1709 971 1761 non
992 1689 1038 1760 ad
1059 1707 1170 1760 unum

107 1814 301 1905 quemdam
331 1814 625 1900 destinabantur,
655 1816 718 1888 sed
745 1815 791 1888 ad
825 1835 949 1888 omnes
984 1834 1173 1888 renascen-

106 1939 198 2011 tium
218 1940 417 2012 litterarum
433 1949 542 2032 atque
556 1939 638 2032 puri
649 1948 684 2012 et
698 1941 871 2032 elegantis
886 1940 1063 2012 sermonis
1078 1959 1174 2011 ama·

106 2068 223 2148 tores3
246 2065 322 2136 loco
343 2065 613 2156 ephemeridum
630 2065 856 2138 habebamur
871 2073 906 2138 et
920 2084 1041 2138 earum
1061 2066 1175 2138 instar

107 2206 171 2278 per
191 2207 320 2261 manus
339 2189 585 2262 tradebantur.
603 2191 804 2264 Nonnullos
823 2191 969 2282 quidem
984 2191 1095 2264 luisse
1111 2192 1173 2281 qui

108 2313 176 2386 boc
201 2333 266 2406 per
285 2315 497 2387 artificiosas
518 2317 689 2407 epistolas
714 2317 964 2389 commercium
993 2317 1174 2408 aspernati
1234 2303 1235 2306 ‘

109 2436 264 2522 luerint,
295 2440 450 2512 libenter
478 2440 680 2524 crederem,
706 2460 790 2512 uam
816 2444 986 2514 Erasmus
1017 2441 1134 2514 aiebat
1164 2467 1173 2513 ι

116 2587 132 2625 ‹
153 2564 245 2634 Sunt
261 2564 323 2654 qui
343 2582 416 2635 non
434 2564 548 2636 lerant
564 2565 752 2657 epistolam
770 2564 842 2636 nisi
857 2565 1134 2648 inelaboratam;
1154 2593 1169 2629 b

110 2687 174 2760 sed
198 2688 225 2759 ii
248 2688 457 2779 paucissimi
478 2689 575 2761 luere
600 2689 637 2760 in
660 2689 726 2760 hac
746 2688 929 2760 doctorum
950 2691 1175 2780 ingeniorum

109 2813 277 2884 societate
296 2832 403 2904 quam
423 2820 547 2904 postea
561 2815 737 2885 Racanius
758 2839 774 2877 ι
794 2814 970 2892 civitatem
985 2813 1133 2886 latinam
1153 2843 1167 2879 r

110 2938 356 3030 appellaturus
376 2946 464 3012 erat.
481 2940 583 3014 Nunc
597 2939 709 3014 babes
729 2958 839 3030 quare
853 2940 957 3012 Vives
978 2940 1055 3031 ipse
1070 2959 1175 3013 suum

111 3060 275 3135 libellum
287 3062 331 3136 de
346 3064 530 3155 Epistolis,
544 3082 618 3136 non
632 3064 752 3156 parvis
767 3067 814 3136 to
824 3064 965 3156 paginis
979 3065 1174 3149 inclusum,

113 3187 315 3260 coniecerit.
343 3189 466 3280 Neque
490 3189 586 3262 enim
611 3189 657 3260 ab
684 3189 822 3262 Erasmi
847 3189 961 3274 libro,
988 3189 1059 3262 nisi
1088 3189 1177 3263 torte
1205 3171 1211 3186 ’

142 3453 178 3518 (1)
193 3453 245 3518 Op.
262 3453 402 3516 Bastteae,
421 3452 481 3504 1540
495 3454 571 3504 edita
584 3469 609 3518 p.
627 3453 738 3505 tor-lau.
754 3453 882 3503 Referam
896 3454 961 3515 hos,
977 3455 1050 3504 inter
1071 3461 1178 3507 ceteros

114 3555 218 3603 omnes,
235 3542 357 3606 capitum
372 3543 469 3592 titulos
485 3556 491 3592 :
509 3559 521 3590 c
537 3542 577 3592 De
593 3541 811 3606 (impositione,
828 3542 912 3592 —De
925 3545 1106 3606 proponenda
1120 3561 1178 3595 ma-

113 3633 191 3694 teria,
207 3658 238 3667 -
253 3631 424 3681 Exercitatio
439 3635 467 3680 et
481 3630 617 3694 Imitatio,
635 3659 666 3667 —
682 3631 863 3681 Salutationis
879 3633 1022 3694 formulae,
1037 3661 1068 3670 -
1084 3635 1178 3688 Novae
1265 3629 1268 3634 ’

114 3722 252 3770 salutandi
267 3721 416 3782 formulae,
429 3747 460 3757 —
475 3721 516 3771 De
533 3722 676 3785 epithetis,
690 3747 721 3757 -
736 3722 777 3771 De
795 3722 924 3786 epithetis
940 3723 1109 3787 Principum,
1126 3725 1179 3776 Me·

114 3811 288 3873 gistratuum,
305 3816 485 3875 cognatorum
502 3812 638 3874 affinium,
650 3839 682 3848 —
696 3812 736 3862 De
752 3813 980 3876 transfigurandis
994 3815 1133 3877 epithetis.
1148 3843 1180 3852 -

115 3899 261 3959 Quomodo
275 3900 439 3950 dicendum:
452 3900 520 3950 Vale
527 3913 534 3962 ;
545 3927 576 3937 -
589 3901 658 3950 Vale
670 3901 781 3950 dicendi
793 3901 926 3950 formulae
936 3902 1049 3965 aliquot,
1060 3931 1091 3939 —
1104 3903 1179 3967 Epis·

115 3991 231 4039 telarum
246 4003 362 4053 genera,
378 4016 410 4026 -
422 3989 463 4039 De
479 3989 595 4039 exordio
611 3990 701 4053 epist,
718 4015 749 4025 -
764 3989 921 4052 Abruptum
937 3991 1116 4054 epistolarum
1130 3993 1179 4041 ini·

115 4078 197 4139 tium,
209 4104 241 4114 -
253 4078 294 4127 De
310 4078 457 4142 exemplis,
473 4105 503 4114 -
516 4077 557 4128 De
572 4078 705 4129 varietate
722 4082 749 4127 et
763 4078 860 4127 ordine
876 4080 1078 4143 exemplorum,
1094 4107 1125 4116 —
1139 4081 1180 4132 De

113 4168 338 4232 amplificatione,
359 4194 390 4203 -
404 4167 445 4216 De
460 4167 570 4230 liguris,
584 4192 616 4204 -
636 4167 677 4216 De
700 4167 925 4217 commendatitia
942 4169 1075 4232 epistola,
1090 4195 1122 4206 —-
1136 4169 1178 4219 De

117 4257 249 4306 amatoria
270 4257 401 4320 epistola,
422 4283 453 4292 -
474 4256 515 4306 De
535 4256 744 4306 demonstrativi
766 4257 876 4320 generis
896 4261 924 4306 et
942 4259 1082 4321 judicialis
1106 4261 1180 4322 epis·
1242 4251 1248 4261 '

117 4346 179 4406 tola,
197 4349 260 4408 etc„
277 4350 329 4394 etc.
346 4361 358 4402 u

996 4440 1013 4499 7
