3284 5480
924 539 1063 599 ..2-

461 675 531 748 tiae
554 671 601 770 (l)
626 703 641 740 ›
671 677 865 750 tuebantur
891 677 1062 768 antiquae
1085 674 1342 748 Universitates
1369 681 1404 747 et
1433 674 1530 746 hane

460 800 721 893 impugnabant
735 803 999 874 renascentium
1018 801 1214 874 litterarum
1234 800 1410 888 lautores3
1433 817 1530 873 aoer-

461 927 552 999 rimo
568 933 602 999 et
621 927 832 1018 quotidiano
851 927 984 1018 praelio
1006 927 1043 999 hi
1063 934 1098 1000 et
1112 927 1195 1000 illae
1213 925 1525 1008 conflictabantur,

462 1059 496 1124 et
515 1053 660 1125 vietoria
685 1053 866 1144 usquead
888 1053 996 1126 linem
1018 1056 1108 1126 sexti
1135 1052 1264 1126 decimi
1286 1051 1397 1126 seouli
1415 1049 1527 1124 duhia

446 1183 568 1268 ‘atque
588 1177 723 1250 ineerta
743 1178 859 1251 haesit
881 1202 889 1249 :
910 1183 1029 1248 tantae
1051 1177 1152 1248 molis
1175 1185 1250 1252 erat
1275 1177 1525 1251 scholasticam

461 1319 585 1374 eruere
604 1311 639 1375 et
656 1303 847 1376 litteratam
867 1303 1018 1375 condere
1035 1307 1202 1393 pentem!

510 1429 606 1500 lnter
620 1446 746 1500 omnes
762 1429 837 1519 qui,
856 1429 923 1500 hae
937 1435 1064 1512 aetate,
1082 1447 1162 1502 sese
1179 1428 1285 1502 honis
1304 1429 1433 1502 litteris
1451 1445 1526 1502 res·

461 1553 633 1626 timendis
654 1554 797 1638 dedere,
821 1563 892 1628 tres
914 1555 1073 1628 eminent
1090 1556 1272 1646 praecipui
1293 1573 1384 1646 quos
1404 1554 1521 1628 lihen·

461 1686 514 1752 ter
529 1680 739 1764 vocaverim,
761 1681 924 1772 exemplo
944 1700 1032 1753 usus
1051 1680 1275 1772 superiorum
1294 1682 1522 1772 scriptorum,

446 1803 742 1876 «triumviros»
768 1805 877 1896 hujus
900 1804 1093 1877 litterariae
1115 1804 1332 1896 reipublicae
1359 1803 1396 1876 in
1418 1823 1523 1877 suum

459 1929 653 2020 pristinum
681 1930 789 2003 deous
814 1949 855 2002 ao
882 1930 1091 2022 dignitatem
1117 1931 1322 2014 restitutae,
1354 1931 1524 2003 Erasmus

460 2053 616 2138 soilieet,
638 2054 802 2127 Budaeus
822 2062 857 2128 et
878 2055 1076 2128 Ludovieus
1095 2056 1214 2129 Vires.

508 2180 559 2250 Er
587 2179 644 2250 his
673 2197 754 2252 vero
778 2181 894 2252 trihus
917 2180 1021 2252 Vives
1047 2188 1228 2271 praestare
1248 2179 1407 2272 iudidio,
1437 2179 1522 2254 dum

459 2305 630 2376 Erasmus
648 2306 791 2396 ingenio
811 2313 846 2377 et
865 2304 1029 2377 Budaeus
1045 2305 1264 2388 eruditione,
1287 2305 1525 2379 communiter

459 2429 556 2519 apud
588 2431 756 2520 aequales
791 2429 988 2504 dicebatur.
1025 2432 1104 2504 Non
1140 2431 1261 2505 minus
1297 2451 1379 2525 ergo
1414 2450 1521 2525 quam

458 2555 669 2627 Erasmiona
688 2562 723 2628 et
746 2556 955 2640 Budaeana,
978 2557 1098 2629 Vivida
1121 2553 1167 2652 (l)
1195 2558 1240 2631 de
1266 2558 1388 2650 pueris
1414 2557 1520 2632 insti·

459 2681 602 2753 tuendis
622 2681 784 2753 doctrina
804 2683 912 2774 digua
931 2691 985 2756 est
1004 2683 1050 2756 ad
1071 2701 1178 2774 quam
1199 2690 1332 2758 attente
1356 2683 1523 2775 respicio*

458 2821 556 2886 mus,
579 2824 659 2877 eum
680 2806 717 2876 in
740 2807 800 2878 tali
824 2826 861 2879 re
886 2809 968 2898 plus
984 2808 1158 2898 judicium
1181 2828 1288 2901 quam
1309 2807 1463 2882 eruditio
1490 2815 1524 2882 et

457 2929 641 3021 ingenium
678 2933 803 3004 valeat.
841 2931 942 3005 hdde
971 2933 1068 3024 quod
1104 2935 1319 3025 posteriores
1356 2931 1522 3006 nonnulli
1628 3007 1629 3028 ἰ

457 3054 579 3126 Vivem
612 3055 720 3128 altius
748 3076 855 3147 quam
889 3058 1057 3148 aequales
1084 3060 1265 3144 extulere,
1293 3059 1427 3150 quippe
1459 3057 1521 3149 qui

458 3196 539 3251 eum
567 3197 646 3251 oum
668 3180 806 3252 Baoune
829 3187 864 3254 et
892 3181 1050 3254 Cartesio
1071 3181 1126 3278 (5)
1151 3181 1331 3268 conferre,
1353 3183 1463 3256 immo
1488 3189 1523 3256 ot

457 3303 586 3376 iisdem
617 3323 738 3396 parem
766 3306 879 3380 iacere
906 3307 944 3378 in
970 3308 1197 3381 emendanda
1223 3315 1258 3381 et
1286 3307 1522 3382 instauranda

457 3430 659 3502 studiorum
682 3458 698 3495 ‹
720 3432 921 3504 methodo»
947 3451 1021 3505 nun
1041 3433 1296 3508 dubitaverint.
1319 3435 1443 3507 Utrum
1464 3453 1522 3507 re·

457 3552 553 3625 ritati
573 3562 654 3645 apte
681 3558 896 3648 respoudeat
924 3559 1073 3650 hujusoe
1097 3560 1194 3633 modi
1219 3561 1454 3652 comparatio,
1474 3578 1520 3631 an

489 3863 521 3934 (l)
538 3864 609 3920 Lud.
625 3863 724 3933 Vives,
739 3871 773 3921 ln
788 3871 1089 3938 Pseudo-Dialectiooe,
1105 3870 1210 3941 Opera,
1230 3877 1296 3928 tom.
1313 3871 1352 3942 ll,
1367 3891 1394 3942 p.
1411 3871 1440 3930 38
1453 3870 1522 3942 (Vua

456 3955 557 4008 lentlae
573 3959 768 4024 Edetauorum‚
785 3961 1031 4030 MDCOLXXXII).

486 4048 520 4113 (2)
536 4049 596 4098 Hoc
608 4050 744 4112 adjectivo
759 4053 870 4102 nomine
884 4054 973 4102 utitur
989 4054 1049 4117 ipso
1064 4055 1157 4116 Vives,
1173 4061 1207 4105 ln
1219 4059 1521 4121 Pseudo-Dialeetlooa,

458 4153 483 4200 p.
501 4138 539 4188 lt.

359 4275 362 4282 ,
488 4227 521 4290 (3)
536 4229 635 4276 Emilio
656 4228 779 4279 Castelar
798 4230 881 4294 (apud
900 4230 1087 4296 Massebieau,
1108 4236 1253 4296 colloquar
1272 4236 1419 4294 ecolatrae,
1436 4234 1522 4302 citat.)

456 4321 483 4368 et
499 4318 529 4368 P.
546 4318 663 4369 Andros.
678 4346 710 4356 -
724 4319 765 4372 Cf.
782 4320 929 4371 Namecne.
