3284 5480
485 635 488 642 ’
588 647 767 726 ’-66-

128 801 341 894 discipuli,
363 802 481 874 aiebat
499 800 561 874 ille
580 801 765 874 Tardivius
792 800 836 872 de
862 798 1052 872 scribendo
1080 797 1216 890 praeei-

127 929 256 1018 piens
275 951 283 1011 ;
302 928 476 1000 rationem
496 945 578 999 vero
595 945 661 999 nee
679 926 740 998 ille
760 945 826 998 nee
844 926 1031 996 homiuum
1052 924 1220 997 litterato-

128 1071 230 1124 rum
252 1054 314 1125 alii
335 1055 401 1126 bae
420 1060 534 1126 666666
554 1053 666 1126 secuti
687 1059 793 1135 sunt;
816 1053 865 1123 ita
888 1051 1066 1123 veteribus
1091 1051 1215 1142 alliga-

130 1178 285 1250 bantur
300 1186 339 1250 ut
354 1179 481 1250 borum
498 1177 677 1268 mancipia
700 1176 917 1257 riderentur,
948 1175 1219 1266 periculumque

132 1305 247 1375 esset
267 1322 312 1376 ne
330 1302 468 1376 litterae
483 1302 541 1373 vix
559 1310 702 1374 renatae
719 1302 814 1373 illioo
835 1307 1063 1373 senescerent
1079 1307 1113 1372 et
1129 1301 1218 1390 jace·

131 1435 243 1500 rent.
268 1429 312 1499 ut
331 1428 414 1498 olim
436 1427 620 1498 dialeetiea
639 1433 725 1498 tune
743 1444 887 1517 quoque
908 1423 1084 1499 rhetorica
1112 1426 1215 1496 sebo-

132 1553 277 1624 lastioa
304 1550 393 1634 fuit,
425 1571 466 1624 ea
494 1551 628 1623 scilieet
655 1567 747 1640 quae
773 1551 961 1641 magistros
991 1557 1025 1622 et
1052 1551 1218 1636 alumnos

135 1676 307 1748 scholari
326 1676 364 1746 in
385 1675 549 1748 tirocinio
569 1693 709 1766 semper
729 1675 898 1780 retineret
916 1692 982 1747 nee
1001 1694 1020 1747 e
1040 1673 1217 1764 diseipulo

135 1799 268 1870 virum
281 1799 429 1872 eradere
443 1800 589 1872 sineret.
602 1800 672 1880 Sir,
687 1798 749 1870 ille
763 1799 1002 1882 ldelanebton‚
1017 1817 1088 1888 quo
1098 1804 1217 1872 tamen

137 1924 255 2013 pauci
289 1923 537 2014 prudentiores
568 1922 688 2006 luere,
720 1928 819 1994 tanta
851 1923 1049 1996 reverentia
1082 1930 1217 1993 veteres

137 2049 336 2140 Magistros
369 2049 673 2139 prosequebatur,
698 2049 859 2138 tantique
883 2066 1005 2120 eorum
1031 2053 1218 2138 praecepta

138 2172 322 2256 seuiebat,
344 2179 384 2244 ut
409 2172 452 2244 de
476 2171 522 2244 iis
551 2192 643 2264 quae
668 2173 714 2244 ad
733 2172 841 2244 Loeos
866 2171 1079 2243 Communes
1106 2171 1216 2264 perti·
1337 2246 1340 2253 ,

140 2305 256 2379 nent,
279 2295 441 2369 dieeret:
471 2298 615 2369 «Nulla
641 2297 685 2369 de
711 2315 749 2368 re
775 2297 864 2379 diei,
887 2297 931 2369 rle
957 2297 1057 2368 nullo
1087 2295 1217 2385 scripto

139 2420 301 2512 judicari
326 2439 432 2512 posse
462 2421 533 2492 uisi
559 2421 686 2494 relerat
717 2440 755 2492 se
781 2422 924 2494 animus
952 2422 997 2493 ad
1025 2423 1091 2492 bos
1121 2420 1218 2492 lotos

142 2564 287 2636 eosque
324 2553 495 2636 tauquam
535 2545 642 2618 duces
680 2553 872 2636 sequatur,
909 2573 924 2610 t
965 2553 999 2618 et
1036 2545 1217 2617 existima·

143 2676 202 2741 ret
237 2694 252 2732 r
286 2668 324 2739 in
355 2670 524 2740 omnibus
555 2670 751 2760 parietibus
785 2688 846 2767 eos
878 2672 974 2742 locos
1008 2669 1217 2742 scribendos

143 2803 259 2884 atque
286 2793 501 2884 sculpendos
532 2812 610 2867 esse
641 2801 680 2866 ut
707 2813 848 2885 semper
871 2795 916 2865 ob
944 2796 1066 2866 oeulos
1096 2811 1214 2865 versa·

145 2909 276 2991 rentur
298 2916 401 3012 (l).»

197 3044 245 3116 Ut
268 3042 313 3116 de
337 3050 494 3118 veterum
519 3046 735 3136 praeceptis,
758 3046 808 3117 ita
827 3044 871 3117 de
891 3045 1060 3136 operibus
1080 3043 1213 3114 sentie-

144 3169 237 3240 bant
266 3169 407 3240 illorum
437 3170 618 3241 rhetorum
646 3171 841 3251 nonnulli.;
864 3189 905 3241 66
933 3168 1108 3240 imitanda
1137 3186 1216 3240 esse

146 3293 379 3375 dictitabant,
405 3292 468 3364 sed
494 3312 565 3364 non
595 3311 636 3365 66
663 3294 863 3366 imitatione
892 3314 963 3384 qua
994 3293 1075 3384 quis
1104 3292 1216 3364 utitur

146 3401 236 3492 dum
268 3419 336 3491 tiro
360 3424 414 3490 666
439 3424 474 3492 66
497 3437 603 3509 quam
629 3418 779 3501 deserit,
800 3438 897 3502 oum,
923 3420 1021 3490 illius
1051 3436 1135 3508 ope,
1159 3415 1215 3486 sui

145 3550 277 3635 potens
301 3541 414 3615 faetus
436 3542 510 3632 jam
536 3543 650 3613 virum
672 3561 710 3614 se
730 3561 850 3633 gerere
870 3548 903 3614 et
922 3513 1216 3614 aliorum‘aemu-

146 3669 206 3740 lus
226 3668 456 3758 potiusquam
475 3666 605 3739 similis
624 3686 703 3739 esse
721 3666 845 3751 debeb
862 3668 1044 3740 imitemur
1061 3671 1212 3757 oportet.

146 3792 268 3863 aiebat
290 3798 433 3864 econtra
454 3791 639 3872 Fiobetus,
668 3797 739 3858 «ru
758 3792 960 3881 aliquorum
981 3791 1117 3862 similes
1137 3808 1214 3862 esse

146 3917 332 3988 valeamus
362 3913 426 4010 (i).
454 3943 469 3980 6
500 3917 558 3989 Sio
583 3915 628 3986 ad
650 3921 805 3987 veterum
827 3916 1118 3996 similitudinem,
1142 3934 1215 3986 non

179 4170 214 4235 (i)
230 4170 387 4229 Melanebt.,
403 4173 527 4229 Dialeon,
544 4171 617 4234 apud
633 4171 757 4233 Benoist‚
773 4185 817 4235 op.
837 4171 882 4220 eit.

179 4259 213 4324 (2)
230 4258 312 4322 Apud
328 4257 530 4317 Quintilianum
547 4261 651 4322 legerat
665 4261 795 4310 Fichotus
809 4275 844 4309 :·«
860 4261 980 4310 Necesse
994 4266 1035 4310 est
1049 4264 1097 4309 aut
1111 4260 1215 4309 similes

148 4354 197 4400 aut
213 4349 362 4398 dissimiles
376 4349 456 4398 bonis
471 4349 572 4409 simus;
590 4350 706 4399 similem
721 4365 784 4400 raro
797 4354 895 4399 natura
910 4354 1040 4414 praestat,
1056 4351 1215 4412 frequentor

149 4439 277 4490 imitatio.
295 4456 307 4486 u
325 4437 381 4489 Sed
397 4438 431 4490 de
450 4439 501 4488 hae
522 4440 637 4493 materia
652 4439 817 4504 Quintiliani
833 4440 987 4497 doctrinam
1002 4453 1058 4495 non
1073 4439 1140 4491 satis
1156 4438 1214 4494 ois-
