<?xml version="1.0" encoding="UTF-8"?>
<!DOCTYPE html PUBLIC "-//W3C//DTD XHTML 1.0 Transitional//EN"
    "http://www.w3.org/TR/xhtml1/DTD/xhtml1-transitional.dtd">
<html xmlns="http://www.w3.org/1999/xhtml" xml:lang="en" lang="en">
 <head>
  <title>
</title>
<meta http-equiv="Content-Type" content="text/html;charset=utf-8" />
  <meta name='ocr-system' content='tesseract 3.04.00' />
  <meta name='ocr-capabilities' content='ocr_page ocr_carea ocr_par ocr_line ocrx_word'/>
</head>
<body>
  <div class='ocr_page' id='page_1' title='image "./quiddepuerisins00arnagoog_0044.png"; bbox 0 0 3284 5480; ppageno 0'>
   <div class='ocr_carea' id='block_1_1' title="bbox 939 642 1099 710">
    <p class='ocr_par' dir='ltr' id='par_1_1' title="bbox 939 642 1099 710">
     <span class='ocr_line' id='line_1_1' title="bbox 939 642 1099 710; baseline 0 -18"><span class='ocrx_word' id='word_1_1' title='bbox 939 642 1099 710; x_wconf 83' lang='lat' dir='ltr'>-3l-</span> 
     </span>
    </p>
   </div>
   <div class='ocr_carea' id='block_1_2' title="bbox 469 778 1539 3872">
    <p class='ocr_par' dir='ltr' id='par_1_2' title="bbox 478 778 1539 2228">
     <span class='ocr_line' id='line_1_2' title="bbox 540 778 1537 878; baseline 0.013 -33"><span class='ocrx_word' id='word_1_2' title='bbox 540 778 751 850; x_wconf 84' lang='lat' dir='ltr'>«Praedam</span> <span class='ocrx_word' id='word_1_3' title='bbox 777 797 878 852; x_wconf 87' lang='lat' dir='ltr'>suam</span> <span class='ocrx_word' id='word_1_4' title='bbox 905 788 1067 872; x_wconf 87' lang='lat' dir='ltr'>spectant</span> <span class='ocrx_word' id='word_1_5' title='bbox 1090 783 1284 878; x_wconf 77' lang='lat' dir='ltr'>paedagogi</span> <span class='ocrx_word' id='word_1_6' title='bbox 1310 805 1384 859; x_wconf 90' lang='lat' dir='ltr'>uon</span> <span class='ocrx_word' id='word_1_7' title='bbox 1403 785 1537 859; x_wconf 90' lang='lat' dir='ltr'>institu-</span> 
     </span>
     <span class='ocr_line' id='line_1_3' title="bbox 489 901 1537 1001; baseline 0.008 -27"><span class='ocrx_word' id='word_1_8' title='bbox 489 902 622 975; x_wconf 79' lang='lat' dir='ltr'><strong>tionem</strong></span> <span class='ocrx_word' id='word_1_9' title='bbox 643 905 743 994; x_wconf 93' lang='lat' dir='ltr'>pueri</span> <span class='ocrx_word' id='word_1_10' title='bbox 763 901 831 996; x_wconf 88' lang='lat' dir='ltr'>(l),</span> <span class='ocrx_word' id='word_1_11' title='bbox 853 932 868 970; x_wconf 86' lang='lat'>›</span> <span class='ocrx_word' id='word_1_12' title='bbox 894 905 1014 996; x_wconf 87' lang='lat' dir='ltr'>inquit</span> <span class='ocrx_word' id='word_1_13' title='bbox 1040 907 1170 991; x_wconf 83' lang='lat' dir='ltr'>Vives;</span> <span class='ocrx_word' id='word_1_14' title='bbox 1198 916 1451 1001; x_wconf 82' lang='lat' dir='ltr'>«quaestuosa</span> <span class='ocrx_word' id='word_1_15' title='bbox 1473 929 1537 992; x_wconf 89' lang='lat' dir='ltr'>res,</span> 
     </span>
     <span class='ocr_line' id='line_1_4' title="bbox 486 1028 1539 1128; baseline 0.007 -27"><span class='ocrx_word' id='word_1_16' title='bbox 486 1028 599 1109; x_wconf 83' lang='lat' dir='ltr'>addit,</span> <span class='ocrx_word' id='word_1_17' title='bbox 621 1031 735 1122; x_wconf 86' lang='lat' dir='ltr'>coepit</span> <span class='ocrx_word' id='word_1_18' title='bbox 754 1048 834 1103; x_wconf 91' lang='lat' dir='ltr'>esse</span> <span class='ocrx_word' id='word_1_19' title='bbox 853 1032 1056 1105; x_wconf 89' lang='lat' dir='ltr'>scholarum</span> <span class='ocrx_word' id='word_1_20' title='bbox 1075 1035 1246 1126; x_wconf 83' lang='lat' dir='ltr'>regimen,</span> <span class='ocrx_word' id='word_1_21' title='bbox 1265 1042 1299 1109; x_wconf 91' lang='lat' dir='ltr'>et</span> <span class='ocrx_word' id='word_1_22' title='bbox 1317 1044 1476 1128; x_wconf 87' lang='lat' dir='ltr'>emptum</span> <span class='ocrx_word' id='word_1_23' title='bbox 1495 1043 1539 1108; x_wconf 88' lang='lat' dir='ltr'>cst</span> 
     </span>
     <span class='ocr_line' id='line_1_5' title="bbox 486 1155 1539 1248; baseline 0.006 -23"><span class='ocrx_word' id='word_1_24' title='bbox 486 1172 558 1226; x_wconf 92' lang='lat' dir='ltr'>non</span> <span class='ocrx_word' id='word_1_25' title='bbox 581 1172 683 1226; x_wconf 87' lang='lat' dir='ltr'>secus</span> <span class='ocrx_word' id='word_1_26' title='bbox 698 1173 739 1226; x_wconf 87' lang='lat' dir='ltr'>ac</span> <span class='ocrx_word' id='word_1_27' title='bbox 757 1155 1029 1229; x_wconf 90' lang='lat' dir='ltr'>mercimonium</span> <span class='ocrx_word' id='word_1_28' title='bbox 1049 1160 1267 1248; x_wconf 80' lang='lat' dir='ltr'>promercale</span> <span class='ocrx_word' id='word_1_29' title='bbox 1287 1167 1325 1232; x_wconf 90' lang='lat' dir='ltr'>ut</span> <span class='ocrx_word' id='word_1_30' title='bbox 1345 1160 1539 1234; x_wconf 81' lang='lat' dir='ltr'>revendere</span> 
     </span>
     <span class='ocr_line' id='line_1_6' title="bbox 485 1280 1535 1376; baseline 0.006 -26"><span class='ocrx_word' id='word_1_31' title='bbox 485 1280 548 1370; x_wconf 89' lang='lat' dir='ltr'>qui</span> <span class='ocrx_word' id='word_1_32' title='bbox 575 1285 649 1352; x_wconf 90' lang='lat' dir='ltr'>erat</span> <span class='ocrx_word' id='word_1_33' title='bbox 669 1286 925 1370; x_wconf 86' lang='lat' dir='ltr'>promereatus.</span> <span class='ocrx_word' id='word_1_34' title='bbox 948 1305 964 1344; x_wconf 70' lang='grc' dir='ltr'><strong><em>ι</em></strong></span> <span class='ocrx_word' id='word_1_35' title='bbox 991 1282 1184 1367; x_wconf 87' lang='lat' dir='ltr'>Quaestum</span> <span class='ocrx_word' id='word_1_36' title='bbox 1205 1284 1431 1376; x_wconf 80' lang='lat' dir='ltr'>paedagogus</span> <span class='ocrx_word' id='word_1_37' title='bbox 1450 1303 1535 1358; x_wconf 88' lang='lat' dir='ltr'>com·</span> 
     </span>
     <span class='ocr_line' id='line_1_7' title="bbox 484 1403 1537 1500; baseline 0.006 -25"><span class='ocrx_word' id='word_1_38' title='bbox 484 1404 633 1495; x_wconf 85' lang='lat' dir='ltr'>parabat</span> <span class='ocrx_word' id='word_1_39' title='bbox 646 1422 689 1476; x_wconf 84' lang='lat' dir='ltr'>er</span> <span class='ocrx_word' id='word_1_40' title='bbox 704 1403 827 1495; x_wconf 81' lang='lat' dir='ltr'>paucis</span> <span class='ocrx_word' id='word_1_41' title='bbox 842 1423 883 1478; x_wconf 89' lang='lat' dir='ltr'>ac</span> <span class='ocrx_word' id='word_1_42' title='bbox 898 1404 1138 1480; x_wconf 80' lang='lat' dir='ltr'>mediocribus</span> <span class='ocrx_word' id='word_1_43' title='bbox 1158 1407 1340 1482; x_wconf 81' lang='lat' dir='ltr'>alimentis</span> <span class='ocrx_word' id='word_1_44' title='bbox 1361 1427 1453 1500; x_wconf 84' lang='lat' dir='ltr'>quae</span> <span class='ocrx_word' id='word_1_45' title='bbox 1470 1410 1537 1500; x_wconf 88' lang='lat' dir='ltr'>ipse</span> 
     </span>
     <span class='ocr_line' id='line_1_8' title="bbox 483 1528 1537 1623; baseline 0.003 -21"><span class='ocrx_word' id='word_1_46' title='bbox 483 1529 640 1602; x_wconf 88' lang='lat' dir='ltr'>alumnis</span> <span class='ocrx_word' id='word_1_47' title='bbox 661 1528 821 1619; x_wconf 87' lang='lat' dir='ltr'>quotidie</span> <span class='ocrx_word' id='word_1_48' title='bbox 841 1529 1030 1613; x_wconf 84' lang='lat' dir='ltr'>vendebat,</span> <span class='ocrx_word' id='word_1_49' title='bbox 1054 1539 1242 1623; x_wconf 85' lang='lat' dir='ltr'>quaestum</span> <span class='ocrx_word' id='word_1_50' title='bbox 1259 1553 1304 1607; x_wconf 84' lang='lat' dir='ltr'>ex</span> <span class='ocrx_word' id='word_1_51' title='bbox 1319 1533 1537 1608; x_wconf 87' lang='lat' dir='ltr'>immunditie</span> 
     </span>
     <span class='ocr_line' id='line_1_9' title="bbox 483 1654 1534 1746; baseline 0.01 -20"><span class='ocrx_word' id='word_1_52' title='bbox 483 1654 663 1738; x_wconf 93' lang='lat' dir='ltr'>ludorum,</span> <span class='ocrx_word' id='word_1_53' title='bbox 682 1673 835 1746; x_wconf 85' lang='lat' dir='ltr'>quorum</span> <span class='ocrx_word' id='word_1_54' title='bbox 853 1655 1039 1728; x_wconf 90' lang='lat' dir='ltr'>nonnullis</span> <span class='ocrx_word' id='word_1_55' title='bbox 1058 1657 1147 1730; x_wconf 81' lang='lat' dir='ltr'>‹vin</span> <span class='ocrx_word' id='word_1_56' title='bbox 1167 1665 1255 1742; x_wconf 89' lang='lat' dir='ltr'>erat,</span> <span class='ocrx_word' id='word_1_57' title='bbox 1278 1664 1368 1732; x_wconf 85' lang='lat' dir='ltr'>teste</span> <span class='ocrx_word' id='word_1_58' title='bbox 1382 1660 1534 1740; x_wconf 80' lang='lat' dir='ltr'>urasno,</span> 
     </span>
     <span class='ocr_line' id='line_1_10' title="bbox 482 1776 1533 1878; baseline 0.004 -28"><span class='ocrx_word' id='word_1_59' title='bbox 482 1779 569 1850; x_wconf 85' lang='lat' dir='ltr'>bara</span> <span class='ocrx_word' id='word_1_60' title='bbox 588 1797 776 1870; x_wconf 89' lang='lat' dir='ltr'>porcorum</span> <span class='ocrx_word' id='word_1_61' title='bbox 797 1777 977 1852; x_wconf 87' lang='lat' dir='ltr'>sordidior</span> <span class='ocrx_word' id='word_1_62' title='bbox 995 1776 1064 1874; x_wconf 80' lang='lat'>(2),</span> <span class='ocrx_word' id='word_1_63' title='bbox 1083 1805 1098 1844; x_wconf 75' lang='grc' dir='ltr'><strong>ι</strong></span> <span class='ocrx_word' id='word_1_64' title='bbox 1120 1788 1156 1855; x_wconf 87' lang='lat' dir='ltr'>ot</span> <span class='ocrx_word' id='word_1_65' title='bbox 1174 1781 1212 1853; x_wconf 92' lang='lat' dir='ltr'>in</span> <span class='ocrx_word' id='word_1_66' title='bbox 1233 1782 1366 1875; x_wconf 86' lang='lat' dir='ltr'>quibus</span> <span class='ocrx_word' id='word_1_67' title='bbox 1386 1801 1533 1878; x_wconf 81' lang='lat' dir='ltr'>purgau-</span> 
     </span>
     <span class='ocr_line' id='line_1_11' title="bbox 481 1903 1536 1999; baseline 0.002 -24"><span class='ocrx_word' id='word_1_68' title='bbox 481 1903 538 1976; x_wconf 92' lang='lat' dir='ltr'>dis</span> <span class='ocrx_word' id='word_1_69' title='bbox 557 1921 686 1996; x_wconf 90' lang='lat' dir='ltr'>operae</span> <span class='ocrx_word' id='word_1_70' title='bbox 708 1910 743 1976; x_wconf 87' lang='lat' dir='ltr'>ot</span> <span class='ocrx_word' id='word_1_71' title='bbox 762 1903 948 1994; x_wconf 86' lang='lat' dir='ltr'>impensae</span> <span class='ocrx_word' id='word_1_72' title='bbox 969 1905 1157 1996; x_wconf 88' lang='lat' dir='ltr'>parcebat,</span> <span class='ocrx_word' id='word_1_73' title='bbox 1180 1913 1369 1999; x_wconf 87' lang='lat' dir='ltr'>quaestum</span> <span class='ocrx_word' id='word_1_74' title='bbox 1398 1925 1443 1980; x_wconf 82' lang='lat' dir='ltr'>ex</span> <span class='ocrx_word' id='word_1_75' title='bbox 1466 1905 1536 1998; x_wconf 79' lang='lat' dir='ltr'>ipsi</span> 
     </span>
     <span class='ocr_line' id='line_1_12' title="bbox 480 2029 1535 2124; baseline 0.003 -25"><span class='ocrx_word' id='word_1_76' title='bbox 480 2029 694 2121; x_wconf 80' lang='lat' dir='ltr'>indignitate</span> <span class='ocrx_word' id='word_1_77' title='bbox 719 2030 969 2121; x_wconf 79' lang='lat' dir='ltr'>magistrorum</span> <span class='ocrx_word' id='word_1_78' title='bbox 997 2030 1130 2122; x_wconf 89' lang='lat' dir='ltr'>quibus</span> <span class='ocrx_word' id='word_1_79' title='bbox 1152 2031 1396 2106; x_wconf 86' lang='lat' dir='ltr'>committebat</span> <span class='ocrx_word' id='word_1_80' title='bbox 1414 2049 1535 2124; x_wconf 89' lang='lat' dir='ltr'>pueros</span> 
     </span>
     <span class='ocr_line' id='line_1_13' title="bbox 478 2153 864 2228; baseline -0.005 -2"><span class='ocrx_word' id='word_1_81' title='bbox 478 2155 617 2228; x_wconf 89' lang='lat' dir='ltr'>artibus</span> <span class='ocrx_word' id='word_1_82' title='bbox 636 2153 864 2226; x_wconf 92' lang='lat' dir='ltr'>imbuendos.</span> 
     </span>
    </p>

    <p class='ocr_par' dir='ltr' id='par_1_3' title="bbox 469 2279 1534 3872">
     <span class='ocr_line' id='line_1_14' title="bbox 528 2279 1534 2376; baseline 0.002 -25"><span class='ocrx_word' id='word_1_83' title='bbox 528 2281 674 2352; x_wconf 90' lang='lat' dir='ltr'>lllorum</span> <span class='ocrx_word' id='word_1_84' title='bbox 700 2279 797 2351; x_wconf 91' lang='lat' dir='ltr'>enim</span> <span class='ocrx_word' id='word_1_85' title='bbox 824 2280 1075 2373; x_wconf 85' lang='lat' dir='ltr'>magistrorum</span> <span class='ocrx_word' id='word_1_86' title='bbox 1108 2281 1271 2374; x_wconf 85' lang='lat' dir='ltr'>plerique</span> <span class='ocrx_word' id='word_1_87' title='bbox 1299 2283 1391 2356; x_wconf 89' lang='lat' dir='ltr'>circa</span> <span class='ocrx_word' id='word_1_88' title='bbox 1417 2282 1534 2376; x_wconf 82' lang='lat' dir='ltr'>vigesi-</span> 
     </span>
     <span class='ocr_line' id='line_1_15' title="bbox 478 2403 1534 2481; baseline 0.001 -3"><span class='ocrx_word' id='word_1_89' title='bbox 478 2425 576 2479; x_wconf 92' lang='lat' dir='ltr'>mum</span> <span class='ocrx_word' id='word_1_90' title='bbox 605 2424 739 2477; x_wconf 90' lang='lat' dir='ltr'>aunum</span> <span class='ocrx_word' id='word_1_91' title='bbox 760 2403 912 2478; x_wconf 88' lang='lat' dir='ltr'>ducendi</span> <span class='ocrx_word' id='word_1_92' title='bbox 941 2405 1119 2478; x_wconf 89' lang='lat' dir='ltr'>licentiam</span> <span class='ocrx_word' id='word_1_93' title='bbox 1151 2407 1363 2479; x_wconf 90' lang='lat' dir='ltr'>obtinebant</span> <span class='ocrx_word' id='word_1_94' title='bbox 1390 2417 1426 2481; x_wconf 90' lang='lat' dir='ltr'>et</span> <span class='ocrx_word' id='word_1_95' title='bbox 1452 2409 1534 2481; x_wconf 89' lang='lat' dir='ltr'>circa</span> 
     </span>
     <span class='ocr_line' id='line_1_16' title="bbox 476 2530 1531 2624; baseline -0.001 -19"><span class='ocrx_word' id='word_1_96' title='bbox 476 2531 698 2623; x_wconf 82' lang='lat' dir='ltr'>trigesimum</span> <span class='ocrx_word' id='word_1_97' title='bbox 726 2530 959 2613; x_wconf 88' lang='lat' dir='ltr'>deserebant,</span> <span class='ocrx_word' id='word_1_98' title='bbox 988 2549 1030 2603; x_wconf 87' lang='lat' dir='ltr'>ea</span> <span class='ocrx_word' id='word_1_99' title='bbox 1055 2550 1119 2623; x_wconf 92' lang='lat' dir='ltr'>per</span> <span class='ocrx_word' id='word_1_100' title='bbox 1145 2531 1213 2604; x_wconf 91' lang='lat' dir='ltr'>boc</span> <span class='ocrx_word' id='word_1_101' title='bbox 1236 2540 1377 2624; x_wconf 88' lang='lat' dir='ltr'>tempus</span> <span class='ocrx_word' id='word_1_102' title='bbox 1401 2539 1531 2606; x_wconf 90' lang='lat' dir='ltr'>tantum</span> 
     </span>
     <span class='ocr_line' id='line_1_17' title="bbox 477 2654 1532 2747; baseline -0.002 -18"><span class='ocrx_word' id='word_1_103' title='bbox 477 2657 533 2729; x_wconf 92' lang='lat' dir='ltr'>usi</span> <span class='ocrx_word' id='word_1_104' title='bbox 554 2663 594 2728; x_wconf 93' lang='lat' dir='ltr'>ut</span> <span class='ocrx_word' id='word_1_105' title='bbox 620 2654 866 2728; x_wconf 79' lang='lat' dir='ltr'>lucrifacerent</span> <span class='ocrx_word' id='word_1_106' title='bbox 891 2654 989 2727; x_wconf 89' lang='lat' dir='ltr'>unde</span> <span class='ocrx_word' id='word_1_107' title='bbox 1016 2655 1086 2747; x_wconf 90' lang='lat' dir='ltr'>ipsi</span> <span class='ocrx_word' id='word_1_108' title='bbox 1115 2655 1272 2730; x_wconf 88' lang='lat' dir='ltr'>viverent</span> <span class='ocrx_word' id='word_1_109' title='bbox 1294 2656 1378 2730; x_wconf 92' lang='lat' dir='ltr'>dum</span> <span class='ocrx_word' id='word_1_110' title='bbox 1405 2657 1532 2732; x_wconf 84' lang='lat' dir='ltr'>tbeolo</span> 
     </span>
     <span class='ocr_line' id='line_1_18' title="bbox 475 2779 1533 2874; baseline -0.002 -21"><span class='ocrx_word' id='word_1_111' title='bbox 475 2783 552 2874; x_wconf 72' lang='lat' dir='ltr'>piae</span> <span class='ocrx_word' id='word_1_112' title='bbox 571 2780 624 2853; x_wconf 87' lang='lat' dir='ltr'>vel</span> <span class='ocrx_word' id='word_1_113' title='bbox 640 2779 712 2871; x_wconf 77' lang='lat' dir='ltr'>iuri</span> <span class='ocrx_word' id='word_1_114' title='bbox 741 2779 940 2852; x_wconf 88' lang='lat' dir='ltr'>studerent.</span> <span class='ocrx_word' id='word_1_115' title='bbox 967 2780 1090 2850; x_wconf 90' lang='lat' dir='ltr'>Solum</span> <span class='ocrx_word' id='word_1_116' title='bbox 1118 2779 1249 2852; x_wconf 88' lang='lat' dir='ltr'>victum</span> <span class='ocrx_word' id='word_1_117' title='bbox 1272 2780 1533 2872; x_wconf 86' lang='lat' dir='ltr'>accipiebauta</span> 
     </span>
     <span class='ocr_line' id='line_1_19' title="bbox 473 2898 1532 2997; baseline 0 -21"><span class='ocrx_word' id='word_1_118' title='bbox 473 2905 676 2997; x_wconf 83' lang='lat' dir='ltr'>paedagogo</span> <span class='ocrx_word' id='word_1_119' title='bbox 707 2898 779 2997; x_wconf 78' lang='lat'>(3),</span> <span class='ocrx_word' id='word_1_120' title='bbox 808 2903 870 2994; x_wconf 88' lang='lat' dir='ltr'>qui</span> <span class='ocrx_word' id='word_1_121' title='bbox 897 2921 961 2994; x_wconf 93' lang='lat' dir='ltr'>pro</span> <span class='ocrx_word' id='word_1_122' title='bbox 987 2911 1060 2976; x_wconf 90' lang='lat' dir='ltr'>tam</span> <span class='ocrx_word' id='word_1_123' title='bbox 1089 2903 1239 2977; x_wconf 91' lang='lat' dir='ltr'>minimo</span> <span class='ocrx_word' id='word_1_124' title='bbox 1271 2903 1402 2977; x_wconf 90' lang='lat' dir='ltr'>salario</span> <span class='ocrx_word' id='word_1_125' title='bbox 1428 2906 1532 2978; x_wconf 83' lang='lat' dir='ltr'>mani·</span> 
     </span>
     <span class='ocr_line' id='line_1_20' title="bbox 473 3028 1532 3122; baseline 0 -22"><span class='ocrx_word' id='word_1_126' title='bbox 473 3048 568 3101; x_wconf 90' lang='lat' dir='ltr'>mam</span> <span class='ocrx_word' id='word_1_127' title='bbox 601 3029 784 3102; x_wconf 89' lang='lat' dir='ltr'>scientiam</span> <span class='ocrx_word' id='word_1_128' title='bbox 816 3034 878 3100; x_wconf 91' lang='lat' dir='ltr'>aul</span> <span class='ocrx_word' id='word_1_129' title='bbox 906 3028 1122 3102; x_wconf 89' lang='lat' dir='ltr'>eminentem</span> <span class='ocrx_word' id='word_1_130' title='bbox 1157 3029 1371 3120; x_wconf 86' lang='lat' dir='ltr'>probitatem</span> <span class='ocrx_word' id='word_1_131' title='bbox 1399 3031 1532 3122; x_wconf 80' lang='lat' dir='ltr'>exigere</span> 
     </span>
     <span class='ocr_line' id='line_1_21' title="bbox 474 3153 1529 3247; baseline 0 -21"><span class='ocrx_word' id='word_1_132' title='bbox 474 3153 658 3246; x_wconf 85' lang='lat' dir='ltr'>nequibat.</span> <span class='ocrx_word' id='word_1_133' title='bbox 680 3153 819 3226; x_wconf 88' lang='lat' dir='ltr'>Gradus</span> <span class='ocrx_word' id='word_1_134' title='bbox 843 3154 1014 3226; x_wconf 91' lang='lat' dir='ltr'>nimirum</span> <span class='ocrx_word' id='word_1_135' title='bbox 1043 3154 1272 3227; x_wconf 75' lang='lat' dir='ltr'>Academicos</span> <span class='ocrx_word' id='word_1_136' title='bbox 1295 3153 1429 3247; x_wconf 87' lang='lat' dir='ltr'>quibus</span> <span class='ocrx_word' id='word_1_137' title='bbox 1450 3172 1529 3228; x_wconf 87' lang='lat' dir='ltr'>con·</span> 
     </span>
     <span class='ocr_line' id='line_1_22' title="bbox 471 3279 1528 3372; baseline 0 -20"><span class='ocrx_word' id='word_1_138' title='bbox 471 3280 651 3353; x_wconf 80' lang='lat' dir='ltr'>ferebatur</span> <span class='ocrx_word' id='word_1_139' title='bbox 671 3279 822 3352; x_wconf 90' lang='lat' dir='ltr'>docendi</span> <span class='ocrx_word' id='word_1_140' title='bbox 853 3279 995 3354; x_wconf 86' lang='lat' dir='ltr'>licentia</span> <span class='ocrx_word' id='word_1_141' title='bbox 1022 3281 1211 3372; x_wconf 81' lang='lat' dir='ltr'>magistros</span> <span class='ocrx_word' id='word_1_142' title='bbox 1238 3279 1441 3353; x_wconf 90' lang='lat' dir='ltr'>obtinuisse</span> <span class='ocrx_word' id='word_1_143' title='bbox 1470 3297 1528 3352; x_wconf 88' lang='lat' dir='ltr'>ne·</span> 
     </span>
     <span class='ocr_line' id='line_1_23' title="bbox 471 3403 1528 3496; baseline -0.002 -18"><span class='ocrx_word' id='word_1_144' title='bbox 471 3425 569 3479; x_wconf 85' lang='lat' dir='ltr'>cesso</span> <span class='ocrx_word' id='word_1_145' title='bbox 589 3413 687 3485; x_wconf 90' lang='lat' dir='ltr'>erat;</span> <span class='ocrx_word' id='word_1_146' title='bbox 708 3404 772 3477; x_wconf 89' lang='lat' dir='ltr'>sed</span> <span class='ocrx_word' id='word_1_147' title='bbox 793 3404 839 3477; x_wconf 91' lang='lat' dir='ltr'>ad</span> <span class='ocrx_word' id='word_1_148' title='bbox 864 3405 946 3476; x_wconf 92' lang='lat' dir='ltr'>illos</span> <span class='ocrx_word' id='word_1_149' title='bbox 970 3405 1187 3478; x_wconf 86' lang='lat' dir='ltr'>obtinendos</span> <span class='ocrx_word' id='word_1_150' title='bbox 1206 3404 1289 3496; x_wconf 94' lang='lat' dir='ltr'>plus</span> <span class='ocrx_word' id='word_1_151' title='bbox 1308 3403 1435 3488; x_wconf 90' lang='lat' dir='ltr'>dolus,</span> <span class='ocrx_word' id='word_1_152' title='bbox 1456 3422 1528 3477; x_wconf 87' lang='lat' dir='ltr'>am·</span> 
     </span>
     <span class='ocr_line' id='line_1_24' title="bbox 470 3529 1529 3621; baseline -0.001 -20"><span class='ocrx_word' id='word_1_153' title='bbox 470 3530 585 3613; x_wconf 91' lang='lat' dir='ltr'>bitus,</span> <span class='ocrx_word' id='word_1_154' title='bbox 619 3529 797 3620; x_wconf 90' lang='lat' dir='ltr'>pretium,</span> <span class='ocrx_word' id='word_1_155' title='bbox 833 3529 951 3601; x_wconf 87' lang='lat' dir='ltr'>viset</span> <span class='ocrx_word' id='word_1_156' title='bbox 984 3547 1083 3600; x_wconf 91' lang='lat' dir='ltr'>arma</span> <span class='ocrx_word' id='word_1_157' title='bbox 1116 3529 1195 3620; x_wconf 93' lang='lat' dir='ltr'>ipsa</span> <span class='ocrx_word' id='word_1_158' title='bbox 1228 3529 1394 3602; x_wconf 84' lang='lat' dir='ltr'>valebant</span> <span class='ocrx_word' id='word_1_159' title='bbox 1425 3545 1529 3621; x_wconf 87' lang='lat' dir='ltr'>quam</span> 
     </span>
     <span class='ocr_line' id='line_1_25' title="bbox 470 3654 1530 3746; baseline -0.002 -18"><span class='ocrx_word' id='word_1_160' title='bbox 470 3656 632 3728; x_wconf 88' lang='lat' dir='ltr'>scientia.</span> <span class='ocrx_word' id='word_1_161' title='bbox 660 3656 722 3727; x_wconf 88' lang='lat' dir='ltr'>llis</span> <span class='ocrx_word' id='word_1_162' title='bbox 748 3654 919 3746; x_wconf 79' lang='lat' dir='ltr'>gradibus</span> <span class='ocrx_word' id='word_1_163' title='bbox 948 3656 1064 3728; x_wconf 91' lang='lat' dir='ltr'>ornati</span> <span class='ocrx_word' id='word_1_164' title='bbox 1089 3663 1191 3729; x_wconf 91' lang='lat' dir='ltr'>erant</span> <span class='ocrx_word' id='word_1_165' title='bbox 1214 3655 1371 3728; x_wconf 90' lang='lat' dir='ltr'>virorum</span> <span class='ocrx_word' id='word_1_166' title='bbox 1395 3655 1451 3728; x_wconf 84' lang='lat' dir='ltr'>rel</span> <span class='ocrx_word' id='word_1_167' title='bbox 1478 3655 1530 3727; x_wconf 89' lang='lat' dir='ltr'>in·</span> 
     </span>
     <span class='ocr_line' id='line_1_26' title="bbox 469 3779 1527 3872; baseline 0 -20"><span class='ocrx_word' id='word_1_168' title='bbox 469 3780 668 3853; x_wconf 89' lang='lat' dir='ltr'>doctissimi</span> <span class='ocrx_word' id='word_1_169' title='bbox 696 3780 750 3853; x_wconf 88' lang='lat' dir='ltr'>vel</span> <span class='ocrx_word' id='word_1_170' title='bbox 774 3780 937 3871; x_wconf 89' lang='lat' dir='ltr'>pessimi,</span> <span class='ocrx_word' id='word_1_171' title='bbox 965 3779 1197 3865; x_wconf 79' lang='lat' dir='ltr'>«uendebas,</span> <span class='ocrx_word' id='word_1_172' title='bbox 1225 3781 1381 3866; x_wconf 83' lang='lat' dir='ltr'>scillcet,</span> <span class='ocrx_word' id='word_1_173' title='bbox 1403 3781 1527 3872; x_wconf 86' lang='lat' dir='ltr'>coqui,</span> 
     </span>
    </p>
   </div>
   <div class='ocr_carea' id='block_1_3' title="bbox 465 4077 1526 4490">
    <p class='ocr_par' dir='ltr' id='par_1_4' title="bbox 498 4077 739 4146">
     <span class='ocr_line' id='line_1_27' title="bbox 498 4077 739 4146; baseline 0.004 -15"><span class='ocrx_word' id='word_1_174' title='bbox 498 4077 531 4145; x_wconf 87' lang='lat' dir='ltr'>(l)</span> <span class='ocrx_word' id='word_1_175' title='bbox 547 4077 626 4141; x_wconf 85' lang='lat' dir='ltr'>Ibid„</span> <span class='ocrx_word' id='word_1_176' title='bbox 642 4097 669 4146; x_wconf 94' lang='lat' dir='ltr'>p,</span> <span class='ocrx_word' id='word_1_177' title='bbox 685 4077 739 4132; x_wconf 74' lang='lat' dir='ltr'>ist.</span> 
     </span>
    </p>

    <p class='ocr_par' dir='ltr' id='par_1_5' title="bbox 497 4167 1420 4237">
     <span class='ocr_line' id='line_1_28' title="bbox 497 4167 1420 4237; baseline -0.001 -16"><span class='ocrx_word' id='word_1_178' title='bbox 497 4173 530 4235; x_wconf 69' lang='lat' dir='ltr'>(i)</span> <span class='ocrx_word' id='word_1_179' title='bbox 546 4173 660 4231; x_wconf 65' lang='lat' dir='ltr'>Erasm„</span> <span class='ocrx_word' id='word_1_180' title='bbox 675 4173 720 4222; x_wconf 86' lang='lat' dir='ltr'>cit.</span> <span class='ocrx_word' id='word_1_181' title='bbox 737 4169 810 4237; x_wconf 87' lang='lat' dir='ltr'>apud</span> <span class='ocrx_word' id='word_1_182' title='bbox 826 4167 941 4234; x_wconf 82' lang='lat' dir='ltr'>Beuoist</span> <span class='ocrx_word' id='word_1_183' title='bbox 957 4186 962 4221; x_wconf 94' lang='lat'>:</span> <span class='ocrx_word' id='word_1_184' title='bbox 979 4171 1051 4231; x_wconf 84' lang='lat' dir='ltr'>Quid</span> <span class='ocrx_word' id='word_1_185' title='bbox 1067 4173 1187 4222; x_wconf 83' lang='lat' dir='ltr'>senserit</span> <span class='ocrx_word' id='word_1_186' title='bbox 1202 4173 1350 4234; x_wconf 77' lang='lat' dir='ltr'>Erasmus,</span> <span class='ocrx_word' id='word_1_187' title='bbox 1367 4175 1420 4222; x_wconf 86' lang='lat' dir='ltr'>etc.</span> 
     </span>
    </p>

    <p class='ocr_par' dir='ltr' id='par_1_6' title="bbox 465 4254 1526 4490">
     <span class='ocr_line' id='line_1_29' title="bbox 496 4254 1526 4326; baseline -0.004 -15"><span class='ocrx_word' id='word_1_188' title='bbox 496 4262 528 4326; x_wconf 82' lang='lat'>(3)</span> <span class='ocrx_word' id='word_1_189' title='bbox 544 4262 568 4310; x_wconf 82' lang='lat' dir='ltr'>A</span> <span class='ocrx_word' id='word_1_190' title='bbox 588 4261 730 4325; x_wconf 88' lang='lat' dir='ltr'>discipulis</span> <span class='ocrx_word' id='word_1_191' title='bbox 751 4263 896 4324; x_wconf 85' lang='lat' dir='ltr'>pecuniam</span> <span class='ocrx_word' id='word_1_192' title='bbox 915 4261 1061 4324; x_wconf 86' lang='lat' dir='ltr'>quamdam</span> <span class='ocrx_word' id='word_1_193' title='bbox 1076 4261 1190 4325; x_wconf 87' lang='lat' dir='ltr'>insuper</span> <span class='ocrx_word' id='word_1_194' title='bbox 1211 4262 1358 4326; x_wconf 80' lang='lat' dir='ltr'>exigebant</span> <span class='ocrx_word' id='word_1_195' title='bbox 1378 4264 1405 4310; x_wconf 93' lang='lat' dir='ltr'>et</span> <span class='ocrx_word' id='word_1_196' title='bbox 1425 4260 1480 4324; x_wconf 91' lang='lat' dir='ltr'>ipsi</span> <span class='ocrx_word' id='word_1_197' title='bbox 1495 4254 1526 4308; x_wconf 82' lang='lat' dir='ltr'>de</span> 
     </span>
     <span class='ocr_line' id='line_1_30' title="bbox 465 4343 1526 4415; baseline -0.004 -15"><span class='ocrx_word' id='word_1_198' title='bbox 465 4365 548 4414; x_wconf 85' lang='lat' dir='ltr'>manu</span> <span class='ocrx_word' id='word_1_199' title='bbox 564 4351 597 4399; x_wconf 93' lang='lat' dir='ltr'>ad</span> <span class='ocrx_word' id='word_1_200' title='bbox 617 4364 728 4399; x_wconf 89' lang='lat' dir='ltr'>manum</span> <span class='ocrx_word' id='word_1_201' title='bbox 744 4350 924 4413; x_wconf 83' lang='lat' dir='ltr'>accipiebant.</span> <span class='ocrx_word' id='word_1_202' title='bbox 940 4377 971 4386; x_wconf 89' lang='lat'>-</span> <span class='ocrx_word' id='word_1_203' title='bbox 987 4349 1028 4402; x_wconf 84' lang='lat' dir='ltr'>cf.</span> <span class='ocrx_word' id='word_1_204' title='bbox 1045 4349 1208 4415; x_wconf 83' lang='lat' dir='ltr'>Quicherat,</span> <span class='ocrx_word' id='word_1_205' title='bbox 1225 4349 1347 4401; x_wconf 83' lang='lat' dir='ltr'>Histoire</span> <span class='ocrx_word' id='word_1_206' title='bbox 1367 4343 1407 4401; x_wconf 76' lang='lat' dir='ltr'>du</span> <span class='ocrx_word' id='word_1_207' title='bbox 1426 4351 1526 4410; x_wconf 74' lang='lat' dir='ltr'>collepe</span> 
     </span>
     <span class='ocr_line' id='line_1_31' title="bbox 465 4443 724 4490; baseline -0.008 0"><span class='ocrx_word' id='word_1_208' title='bbox 465 4444 498 4490; x_wconf 79' lang='lat' dir='ltr'>de</span> <span class='ocrx_word' id='word_1_209' title='bbox 514 4443 724 4489; x_wconf 84' lang='lat' dir='ltr'>Sainle-Barbe.</span> 
     </span>
    </p>
   </div>
   <div class='ocr_carea' id='block_1_4' title="bbox 0 0 1646 5480">
    <p class='ocr_par' dir='ltr' id='par_1_7' title="bbox 0 0 1646 5480">
     <span class='ocr_line' id='line_1_32' title="bbox 0 0 1646 5480; baseline 0 4"><span class='ocrx_word' id='word_1_210' title='bbox 0 0 1646 5480; x_wconf 95' lang='lat' dir='ltr'> </span> 
     </span>
    </p>
   </div>
  </div>
 </body>
</html>
