3284 5480
880 566 1041 625 ..72-

425 704 574 786 critico,
602 721 695 793 quae
729 687 793 775 est'
814 721 872 775 ars
906 719 1028 774 verum
1062 719 1083 771 a
1115 700 1205 772 laiso
1234 701 1271 771 in
1300 699 1405 772 dictis
1433 705 1495 770 aut
1572 691 1633 761 lec

427 829 569 920 scriptis
585 826 850 918 distinguertdi;
863 829 900 898 5⁰
915 825 970 894 De
984 823 1225 895 Instrumeoto
1240 799 1498 916 probabilitatis
1563 819 1615 890 „1:1.

428 973 492 1026 seu
515 953 559 1026 de
579 953 706 1044 Logica
726 951 940 1034 inventrice,
963 951 1000 1022 in
1026 970 1097 1041 qua
1117 949 1162 1022 de
1184 949 1343 1022 tontibus
1363 965 1429 1020 seu
1454 948 1498 1020 de
1567 963 1629 1016 uu:

428 1080 528 1151 Locis
568 1057 830 1149 Communibus
870 1082 1160 1167 argumentorum
1206 1081 1375 1147 tractatur
1411 1069 1496 1168 (ὓς

428 1205 466 1274 4⁰
494 1201 550 1272 De
576 1201 841 1294 Dt‘spututione,
873 1219 936 1272 seu
969 1201 1014 1272 de
1045 1201 1153 1273 modo
1184 1201 1242 1272 his
1275 1198 1510 1291 argumentis*
1582 1223 1633 1273 a

430 1327 575 1408 utendi,
597 1326 634 1396 in
660 1345 732 1417 qua
751 1325 931 1398 tironibus
951 1324 1156 1398 dialecticae
1175 1325 1325 1397 militiae
1343 1343 1402 1395 ars
1423 1329 1497 1394 tra·
1575 1351 1624 1400 an·

430 1449 552 1531 ditur;
577 1453 611 1522 5⁰
630 1448 685 1520 De
705 1447 939 1540 syllogismo,
962 1468 1070 1539 quem
1094 1458 1195 1521 vocat
1220 1466 1336 1521 «vera
1360 1455 1396 1520 et
1420 1465 1498 1538 ger·

432 1593 537 1645 mana
561 1581 596 1646 et
623 1573 775 1664 perlecta
802 1574 1078 1663 argumentatio.
1102 1599 1118 1636 ›
1145 1574 1184 1644 ln
1205 1573 1273 1644 boc
1295 1571 1386 1644 libro
1406 1589 1498 1644 enu·
1582 1591 1633 1657 p

432 1706 563 1782 merat,
591 1697 737 1778 delinit,
768 1698 921 1788 explicat
950 1704 985 1768 et
1014 1697 1117 1770 docet
1147 1696 1279 1789 figuras
1309 1704 1345 1770 et
1372 1696 1501 1769 modos
1578 1712 1633 1782 ’ψ

432 1823 630 1916 syllogismi
652 1846 661 1894 ι
683 1821 876 1903 Barbare,
899 1820 1028 1903 Dorii,
1050 1830 1133 1905 ete,
1155 1829 1255 1894 tanta
1278 1841 1356 1895 cum
1384 1821 1501 1913 gravi·
1587 1863 1618 1930 <l-

431 1956 501 2022 tate
535 1956 569 2020 et
596 1947 782 2038 diligentia
801 1954 840 2018 ut
858 1947 1002 2019 dubites
1022 1953 1102 2018 uter
1119 1945 1269 2030 scribat,
1290 1948 1502 2019 Erasmiane

438 2101 452 2136 ‹
478 2073 610 2144 illius»
637 2090 681 2142 an
704 2070 866 2142 bullandi
887 2089 960 2141 non
981 2071 1161 2143 emendati
1182 2070 1395 2162 discipulus
1608 2154 1613 2166 .

481 2196 682 2268 Aristotelis
716 2214 797 2266 vero
831 2213 936 2268 nemo
967 2193 1240 2272 admirationem
1272 2196 1503 2285 eloquentius

433 2340 540 2411 utram
560 2321 664 2392 Vives
684 2319 884 2410 profitetur.
907 2320 1020 2410 Saepe
1045 2319 1248 2391 dialecticos
1268 2320 1383 2411 arguit
1404 2320 1501 2410 quod

433 2446 659 2518 Aristotelem
694 2444 879 2535 ignorent,
903 2445 988 2533 quia
1018 2444 1120 2514 illum
1152 2445 1276 2536 legunt
1302 2445 1355 2516 vel
1384 2445 1504 2535 pravis

433 2568 732 2641 translationibus
752 2566 988 2640 deformatum
1009 2567 1064 2639 vel
1085 2567 1217 2658 ineptis
1235 2569 1502 2659 interpretatio·

434 2693 551 2765 nibus·
582 2693 787 2765 distortum.
821 2693 875 2763 llli
912 2693 1007 2764 enim
1045 2671 1343 2766 commentatores
1380 2693 1504 2766 stolidi
1595 2677 1630 2788 J,-

440 2845 455 2881 ‹
482 2836 612 2890 nasum
639 2835 779 2888 cereum
800 2818 967 2908 Magistro
998 2817 1250 2908 imposuerunt
1272 2835 1377 2908 quem
1404 2819 1505 2908 quis·
1602 2866 1620 2924 .„

434 2962 504 3034 que
531 2962 602 3034 quo
627 2943 710 3015 velit
736 2943 782 3015 ad
810 2943 951 3015 libitum
980 2944 1135 3014 vertit.»
1162 2944 1294 3014 Omnes
1320 2961 1402 3033 ergo
1423 2943 1507 3014 bia·

433 3068 577 3140 lecticae
600 3067 969 3170 studiosos-bortatur
984 3069 1089 3140 Vives
1109 3075 1148 3140 ut
1167 3067 1368 3140 Aristotelis
1388 3067 1506 3158 ipsius
1602 3113 1629 3176 zo,

435 3211 560 3284 opera,
582 3200 701 3264 amoto
726 3193 825 3264 omni
848 3193 1059 3283 interprete,
1083 3191 1214 3264 adeant
1238 3200 1272 3264 et
1295 3193 1414 3283 legant
1438 3190 1503 3286 (i).
1607 3279 1613 3291 .

436 3320 515 3409 lpse
537 3319 664 3390 borum
685 3335 833 3408 operum
854 3316 1009 3389 indicem
1030 3317 1237 3407 descripsit,
1260 3317 1297 3387 in
1322 3335 1393 3407 quo
1418 3317 1508 3388 baec
1617 3356 1633 3418 2„

467 3545 500 3607 ll)
516 3545 593 3594 Hanc
613 3544 779 3595 divisionem
800 3543 920 3606 Logicae
935 3543 964 3592 in
987 3543 1111 3593 criticam
1127 3547 1154 3593 et
1171 3543 1353 3594 inventricem
1369 3558 1384 3592 a
1400 3543 1508 3594 Redol-

439 3635 494 3698 pho
510 3633 639 3696 Agricola
662 3633 802 3696 accepisse
824 3632 936 3682 videtur
959 3632 1053 3682 Vives.
1068 3658 1100 3668 -
1120 3631 1160 3684 Gi.
1178 3631 1305 3691 Bossert,
1322 3637 1359 3680 De
1374 3635 1403 3680 n.
1420 3634 1508 3692 Agri·
1616 3623 1632 3681 lt

438 3727 499 3772 cota
515 3726 546 3772 in
562 3726 714 3772 Germania
729 3725 901 3772 Litterarum
922 3725 1123 3782 instauratore,
1138 3734 1248 3770 necnon
1265 3719 1399 3782 Schmidt,
1415 3723 1509 3770 Etucle

439 3827 491 3862 sur
506 3817 614 3864 sturm.

468 3901 501 3965 (i)
514 3901 566 3950 Hic
574 3901 669 3962 index,
680 3901 798 3963 primum
814 3901 887 3964 typis
899 3900 1045 3949 mandatus
1056 3915 1072 3948 a
1083 3899 1217 3963 Majansio
1233 3900 1262 3949 in
1278 3900 1401 3949 editione
1411 3901 1509 3950 valen-

440 3991 515 4039 tiana
533 3996 614 4054 atque
635 3991 782 4038 ambitioso
797 3991 844 4038 iilo
860 3990 941 4038 titulo
958 3989 1106 4038 decoratus
1124 4003 1130 4038 :
1147 3995 1184 4038 De
1199 3992 1359 4038 Aristotelis
1374 3993 1510 4050 operibus

438 4095 575 4138 censura,
593 4080 661 4127 nibil
683 4079 757 4127 aliud
780 4081 892 4142 praebet
908 4079 962 4127 nisi
985 4081 1068 4128 breve
1092 4083 1302 4139 Argumentum
1321 4078 1349 4127 tt
1373 4079 1509 4127 librorum

441 4170 695 4228 Aristotelicorum,
710 4170 796 4217 multa
810 4169 844 4218 de
859 4169 995 4218 sermonis
1010 4169 1180 4218 obscuritate
1195 4168 1369 4232 querimonia
1383 4168 1509 4231 interpo-

441 4261 511 4317 sita;
529 4259 577 4308 sod
594 4262 671 4308 abest
687 4259 776 4306 omnis
791 4258 845 4306 alia
858 4271 985 4310 censura.
1002 4259 1128 4308 Poeticae
1147 4271 1182 4307 ne
1198 4271 1297 4306 nomen
1314 4256 1426 4319 quidem
1443 4270 1509 4321 pro-

442 4353 538 4400 scitur.
