3284 5480
902 587 942 602 ..
962 553 1001 617 22
1022 589 1062 602 ...

451 701 531 767 cent
560 694 757 777 faciliores,
787 691 940 765 blandas
967 692 1102 766 scilicet
1135 711 1258 776 voces,
1284 692 1439 766 blandos
1466 667 1510 763 riss
1621 737 1623 798 1

451 837 532 902 sus,
567 818 700 891 blanda
723 819 843 891 oscula
877 818 1143 909 profundendi,
1174 818 1290 909 culpis
1320 836 1509 910 puerorum
1621 807 1623 896 ἐ

451 942 659 1035 ignoscendi
686 943 797 1016 immo
823 950 858 1014 el
895 960 998 1016 caeca
1030 943 1260 1015 excusatione
1293 959 1353 1014 eas
1386 940 1508 1014 deien-

452 1067 574 1140 donli.
596 1069 698 1158 Ipsae
717 1085 861 1158 quoque
876 1067 972 1159 virga
991 1074 1150 1140 utantur.
1174 1069 1267 1140 llaec
1285 1067 1381 1139 enim
1403 1070 1512 1137 mater

451 1210 544 1284 quae
580 1201 615 1266 et
655 1210 866 1283 persuasum
904 1192 1069 1275 babebit,
1111 1201 1145 1266 et
1189 1191 1336 1264 vocibus
1374 1207 1512 1263 necnon
1622 1203 1623 1286 j

453 1317 553 1389 iactis
570 1335 853 1407 nonnunquam,
877 1317 971 1388 banc
995 1318 1266 1409 persuasionem
1291 1332 1409 1388 veram
1437 1331 1513 1387 esse
1621 1383 1623 1416 Ι

452 1440 636 1524 ostendet,
658 1448 839 1532 praestare
865 1441 999 1514 scillcet
1024 1439 1140 1514 illium
1158 1441 1274 1534 potius
1293 1439 1389 1510 mori
1407 1461 1513 1533 quom
1621 1423 1623 1472 ³

451 1565 615 1659 foederi,
650 1572 690 1637 ut
728 1566 812 1637 olim
850 1565 1028 1638 sentiebat
1059 1572 1094 1638 et
1128 1565 1269 1639 dicebat
1299 1566 1411 1638 sancti
1449 1565 1512 1637 lilii
1622 1665 1623 1668 Ν

452 1697 575 1764 sancta
597 1696 728 1772 mater,
749 1691 884 1781 optima
903 1697 937 1764 et
963 1691 1107 1781 saepius
1128 1689 1334 1762 felicissima
1361 1694 1512 1761 matrum

452 1818 592 1891 existet.

501 1942 589 2014 Cum
609 1958 718 2033 puer,
740 1940 803 2012 illa
828 1940 1008 2032 vigilantis
1037 1939 1149 2030 petris
1178 1938 1341 2012 custodia
1368 1955 1456 2011 usus
1482 1943 1516 2010 et

452 2064 556 2137 firma
575 2064 817 2138 sollicitudine
837 2065 960 2136 matris
979 2064 1214 2144 informatus,
1235 2064 1427 2155 septimum
1448 2079 1512 2133 an·

454 2210 539 2263 num
560 2191 734 2282 attigerit,
754 2190 827 2280 iam
851 2189 1010 2262 tradetur
1028 2189 1208 2281 magistris
1234 2190 1296 2280 qui
1321 2189 1424 2260 illum
1444 2186 1516 2259 siue

453 2313 550 2386 domi
571 2313 645 2386 siue
664 2313 702 2384 in
724 2313 857 2386 sobolis
879 2312 1034 2405 publicis
1053 2320 1147 2385 artes
1167 2313 1391 2386 liberaliores
1410 2310 1513 2383 doce·

452 2437 557 2510 bunt.

502 2563 567 2634 Sec
585 2561 674 2653 quid
693 2562 737 2635 de
759 2560 927 2636 leminis?
943 2563 1075 2636 lllasne
1090 2579 1234 2653 quoque
1252 2561 1352 2636 decet
1374 2561 1515 2634 easdem

453 2692 547 2760 artes
575 2686 721 2759 decerit
741 2690 934 2779 Oportetne
962 2688 1104 2779 puellae
1134 2687 1295 2760 eruditae
1321 2705 1363 2760 ac
1395 2686 1518 2759 doctae

453 2811 676 2886 efficiantur?
695 2815 821 2904 Magna
841 2831 896 2884 res
922 2819 956 2884 et
976 2811 1088 2884 ardua
1117 2812 1302 2902 quaestio,
1325 2828 1418 2901 quae
1442 2828 1516 2882 om-

454 2936 554 3008 nium
582 2943 782 3027 temporum
812 2937 1002 3026 scriptores
1031 2935 1075 3007 de
1101 2935 1313 3008 educatione
1332 2933 1515 3007 disseren-

453 3067 507 3133 tes
539 3060 711 3143 tenlavit‚
743 3079 851 3150 quam
880 3059 984 3131 Vives
1013 3078 1077 3150 pro
1104 3079 1169 3132 sua
1199 3059 1305 3132 solita
1328 3058 1520 3150 prudentia

454 3184 621 3278 explanat
639 3204 680 3256 ac
698 3185 816 3258 solvit.

509 3337 525 3376 ‹
554 3311 646 3382 Sunt
672 3309 795 3382 multis
824 3315 1009 3400 suspectae
1042 3309 1165 3382 doctae
1194 3308 1368 3389 feminae,
1400 3335 1416 3372 ›
1447 3309 1517 3390 ait,

455 3436 558 3527 quusi
589 3437 662 3526 jam
695 3436 740 3507 ab
767 3435 980 3526 aequalibus
1009 3435 1170 3506 audisset
1194 3435 1267 3508 lere
1294 3433 1418 3508 eadem
1449 3432 1520 3505 dici

453 3578 547 3651 quae
565 3558 611 3630 ab
630 3559 692 3631 illo
708 3559 805 3651 apud
824 3566 988 3632 nostrum
1009 3558 1191 3632 Comicum
1213 3581 1221 3628 :

547 3829 571 3875 lt
587 3828 656 3875 n'cst
670 3842 723 3887 pas
737 3829 801 3876 bien
817 3827 948 3887 houncte,
960 3831 985 3876 et
993 3841 1069 3887 pour
1081 3829 1224 3887 beaucoup
1242 3831 1275 3875 cte
1288 3840 1396 3888 causes,

548 3918 656 3974 Qu'unc
672 3919 775 3976 (emme
791 3917 885 3966 eludia
901 3921 927 3966 et
943 3919 1025 3966 sacbe
1042 3919 1149 3965 lanicio
1165 3919 1270 3965 choses.

455 4169 499 4242 Et
530 4185 651 4240 revera
683 4168 776 4239 hanc
812 4174 1001 4242 tenuerant
1038 4167 1245 4260 opinionem
1280 4187 1366 4242 aevo
1403 4169 1520 4242 medio

456 4293 646 4384 scriptores
691 4293 859 4385 quidam,
895 4294 987 4368 inter
1029 4312 1121 4387 quos
1159 4292 1381 4368 memorandi
1420 4299 1517 4368 sunt.
