896 1444
484 171 504 174 -
514 162 533 178 38
544 170 564 174 —

257 198 300 216 mini
314 199 356 215 ante
370 197 428 220 ipsum
441 202 494 215 curae
508 197 563 215 luisse
578 197 697 215 institutionis
713 197 795 220 puerilis

257 229 407 247 reformationem.
426 229 466 251 lpsa
479 228 527 246 euim
543 228 649 246 parisiensis
667 228 793 248 Universitas,

257 265 302 283 quae
319 265 361 283 prae
377 260 440 278 celeris
457 260 517 277 Vivica
533 264 609 277 censura
624 260 678 282 petita
694 261 732 279 est.
747 261 794 277 aute

257 291 316 314 quinti
330 291 393 309 decimi
406 291 471 309 saeculi
487 290 540 308 ssnem
555 297 563 306 ι
577 291 709 308 relormatorem
723 297 731 306 ι
748 290 794 313 eligi

257 322 369 342 decreverat.
383 322 413 345 qui
429 322 536 344 paedagogia
549 322 657 344 inspiceret,
672 323 739 339 statuta
753 326 794 339 ser-

257 354 315 371 vanda
325 355 404 373 curaret.
415 355 433 371 et
443 358 511 371 morum
523 353 635 371 sanctitatem
646 355 730 371 tueretur.
741 353 794 375 Opti-

258 390 306 402 mum
316 389 360 402 sane
372 385 482 407 propositum
490 398 494 405 .
506 385 521 402 si
532 384 591 407 reipsa
601 384 623 402 ad
633 384 714 402 effectum
723 384 792 402 adduci

258 415 355 439 potuisset!
368 416 402 434 Sed
413 420 452 433 cum
465 420 529 434 censor
543 416 572 434 ille
586 420 607 433 ex
622 415 711 433 Facilitate
723 415 792 433 artium

258 448 324 466 electus
334 449 389 468 esset.
404 451 450 470 quae
460 451 481 465 ex
496 446 541 469 ipsis
553 446 658 469 paedagogis
668 448 686 464 et
699 447 792 469 magistris

258 478 375 501 inspiciendis
388 480 405 496 et
418 478 537 496 emendandis
552 478 654 498 constabat,
667 478 792 496 emendationi

258 509 316 532 impar
330 509 393 527 iuerat.
407 509 443 527 lloc
455 509 503 527 enirn
516 509 549 527 tuit
562 513 657 527 commune
667 513 709 527 aevo
719 509 791 530 medio,

257 541 324 563 optirna
334 541 409 558 consilia
419 542 436 558 et
446 540 523 563 optimas
535 540 636 558 voluntates
645 540 695 558 irrita
707 540 791 561 evadere,

258 572 362 594 praesertim
373 572 391 589 in
401 572 429 589 bis
439 571 548 589 omnimodis
557 571 636 594 collegiis
646 572 665 589 in
675 571 743 594 quibus
753 577 792 589 om-

258 602 308 620 nium
324 602 413 625 suffragiis
427 604 506 625 potestas
517 602 617 623 creabatur.
632 607 642 620 a
656 602 739 625 pluribus
749 607 792 620 con-

257 634 333 656 junctim
339 634 461 654 exercebatur,
468 636 485 652 et
494 634 525 652 ubi
533 634 606 657 saepius
615 634 677 652 nullus
685 634 720 652 nisi
729 634 792 652 volens

259 665 332 687 parebat
342 665 376 687 (t).

284 696 322 717 Qua
336 701 377 714 vero
392 696 460 714 ratione
475 696 621 714 scholasticorum
635 701 694 714 mores
708 697 792 715 servandi

259 729 319 745 essent
333 729 350 745 et
360 732 406 750 quae
416 728 484 750 corpori
499 732 540 745 cura
554 728 660 748 tribuenda,
672 728 705 746 bae
720 728 793 746 subolae

259 758 302 776 otim
313 761 455 777 monstraverant
464 759 575 782 episcopales
584 761 615 777 aut
625 759 733 779 abbatiam,
745 764 793 782 quae

259 789 320 807 Vivem
331 790 404 808 latuisse
418 790 507 810 videntur,
518 792 535 808 et
546 790 564 808 in
577 790 644 813 quibus
656 790 725 808 alumni
739 790 767 808 vix
783 795 793 808 e

260 821 304 838 lecto
314 823 407 843 surgentes
417 826 482 839 manus
492 823 509 839 et
521 826 552 839 ora
562 821 637 844 limpida
648 821 706 839 lavare
718 826 764 844 aqua
774 824 794 839 et

259 852 308 870 omni
319 852 348 870 die
358 857 397 870 sese
407 857 461 875 puros
471 857 491 870 ao
502 852 568 870 nitidos
578 852 664 875 praebere
674 852 791 875 cogebantur,

260 883 277 901 in
289 883 355 906 quibus
366 883 469 906 pracsertim
478 884 500 901 ab
508 883 557 901 omni
565 884 612 901 mala
623 883 706 901 vitiorum
715 883 766 901 sorde
773 885 792 901 et

260 915 364 937 contagione
375 920 428 937 quam
441 915 567 938 providissima
577 915 684 933 arcebantur
694 915 790 937 vigilantia.

261 946 279 963 ln
289 946 380 970 subselliis
389 951 453 969 nempe
462 946 553 964 continuis
561 951 597 963 non
608 946 748 966 collocabantur.
759 946 791 964 sed

260 977 279 994 in
290 977 363 995 sedibus
377 977 473 1000 separatis,
486 982 508 995 ne
521 977 562 995 aliis
572 977 664 1000 propiores
674 977 776 995 accederent
786 983 790 997 ;

261 1010 320 1028 nocte,
332 1008 423 1026 custodiae
433 1008 589 1026 committebantur
599 1009 631 1026 viri
642 1008 688 1026 inter
698 1008 792 1031 provectis-

261 1039 316 1057 simos
326 1041 383 1057 aetate
396 1041 413 1057 et
425 1039 566 1062 spectatissimos
576 1040 640 1057 virtute
653 1039 702 1057 electi
713 1045 717 1059 :
729 1039 753 1057 ita
762 1040 791 1059 ut.

277 1109 293 1126 (t)
301 1109 321 1122 cr.
330 1109 387 1125 Thur02‚
395 1111 413 1121 oe
421 1110 513 1125 1⁴0›·qaniffl.‚
520 1110 545 1122 ειςΔ
