<?xml version="1.0" encoding="UTF-8"?>
<!DOCTYPE html PUBLIC "-//W3C//DTD XHTML 1.0 Transitional//EN"
    "http://www.w3.org/TR/xhtml1/DTD/xhtml1-transitional.dtd">
<html xmlns="http://www.w3.org/1999/xhtml" xml:lang="en" lang="en">
 <head>
  <title>
</title>
<meta http-equiv="Content-Type" content="text/html;charset=utf-8" />
  <meta name='ocr-system' content='tesseract 3.04.00' />
  <meta name='ocr-capabilities' content='ocr_page ocr_carea ocr_par ocr_line ocrx_word'/>
</head>
<body>
  <div class='ocr_page' id='page_1' title='image "./quiddepuerisins00arnagoog_0042.png"; bbox 0 0 3284 5480; ppageno 0'>
   <div class='ocr_carea' id='block_1_1' title="bbox 880 504 1039 572">
    <p class='ocr_par' dir='ltr' id='par_1_1' title="bbox 880 504 1039 572">
     <span class='ocr_line' id='line_1_1' title="bbox 880 504 1039 572; baseline 0.006 -17"><span class='ocrx_word' id='word_1_1' title='bbox 880 504 1039 572; x_wconf 73' lang='lat' dir='ltr'>-3e-</span> 
     </span>
    </p>
   </div>
   <div class='ocr_carea' id='block_1_2' title="bbox 423 641 1610 1484">
    <p class='ocr_par' dir='ltr' id='par_1_2' title="bbox 424 641 1497 730">
     <span class='ocr_line' id='line_1_2' title="bbox 424 641 1497 730; baseline -0.001 -14"><span class='ocrx_word' id='word_1_2' title='bbox 424 643 677 716; x_wconf 81' lang='lat' dir='ltr'>convenientes</span> <span class='ocrx_word' id='word_1_3' title='bbox 696 649 903 730; x_wconf 78' lang='lat' dir='ltr'><strong>enumerat,</strong></span> <span class='ocrx_word' id='word_1_4' title='bbox 926 641 1110 718; x_wconf 83' lang='lat' dir='ltr'>euidenter</span> <span class='ocrx_word' id='word_1_5' title='bbox 1131 649 1252 716; x_wconf 75' lang='lat' dir='ltr'>mmeu</span> <span class='ocrx_word' id='word_1_6' title='bbox 1279 659 1323 715; x_wconf 86' lang='lat' dir='ltr'>er</span> <span class='ocrx_word' id='word_1_7' title='bbox 1350 647 1497 715; x_wconf 87' lang='lat' dir='ltr'>cuncto·</span> 
     </span>
    </p>

    <p class='ocr_par' dir='ltr' id='par_1_3' title="bbox 423 766 1610 1484">
     <span class='ocr_line' id='line_1_3' title="bbox 424 766 1496 860; baseline -0.001 -21"><span class='ocrx_word' id='word_1_8' title='bbox 424 786 503 839; x_wconf 93' lang='lat' dir='ltr'>rum</span> <span class='ocrx_word' id='word_1_9' title='bbox 523 768 601 858; x_wconf 83' lang='lat' dir='ltr'>ejus</span> <span class='ocrx_word' id='word_1_10' title='bbox 622 768 834 860; x_wconf 75' lang='lat' dir='ltr'>senatorum</span> <span class='ocrx_word' id='word_1_11' title='bbox 855 773 976 841; x_wconf 91' lang='lat' dir='ltr'>mente</span> <span class='ocrx_word' id='word_1_12' title='bbox 992 773 1027 840; x_wconf 89' lang='lat' dir='ltr'>et</span> <span class='ocrx_word' id='word_1_13' title='bbox 1041 766 1204 841; x_wconf 89' lang='lat' dir='ltr'>doctrina</span> <span class='ocrx_word' id='word_1_14' title='bbox 1218 766 1349 840; x_wconf 81' lang='lat' dir='ltr'>inferre</span> <span class='ocrx_word' id='word_1_15' title='bbox 1362 785 1496 859; x_wconf 87' lang='lat' dir='ltr'>possu-</span> 
     </span>
     <span class='ocr_line' id='line_1_4' title="bbox 424 890 1493 982; baseline 0 -20"><span class='ocrx_word' id='word_1_16' title='bbox 424 910 519 964; x_wconf 75' lang='lat' dir='ltr'>mus,</span> <span class='ocrx_word' id='word_1_17' title='bbox 542 891 675 966; x_wconf 88' lang='lat' dir='ltr'>ideirco</span> <span class='ocrx_word' id='word_1_18' title='bbox 694 891 747 964; x_wconf 86' lang='lat' dir='ltr'>ias</span> <span class='ocrx_word' id='word_1_19' title='bbox 766 893 834 966; x_wconf 90' lang='lat' dir='ltr'>erit</span> <span class='ocrx_word' id='word_1_20' title='bbox 850 911 931 966; x_wconf 90' lang='lat' dir='ltr'>eum</span> <span class='ocrx_word' id='word_1_21' title='bbox 951 911 993 965; x_wconf 92' lang='lat' dir='ltr'>eo</span> <span class='ocrx_word' id='word_1_22' title='bbox 1013 892 1149 976; x_wconf 88' lang='lat' dir='ltr'>omnia,</span> <span class='ocrx_word' id='word_1_23' title='bbox 1169 890 1327 982; x_wconf 85' lang='lat' dir='ltr'>quaeda</span> <span class='ocrx_word' id='word_1_24' title='bbox 1346 891 1493 964; x_wconf 90' lang='lat' dir='ltr'>leminis</span> 
     </span>
     <span class='ocr_line' id='line_1_5' title="bbox 424 1014 1490 1099; baseline -0.003 -11"><span class='ocrx_word' id='word_1_25' title='bbox 424 1014 632 1089; x_wconf 87' lang='lat' dir='ltr'>erudiendis</span> <span class='ocrx_word' id='word_1_26' title='bbox 652 1017 804 1099; x_wconf 81' lang='lat' dir='ltr'>dixerit,</span> <span class='ocrx_word' id='word_1_27' title='bbox 826 1019 876 1090; x_wconf 91' lang='lat' dir='ltr'>ita</span> <span class='ocrx_word' id='word_1_28' title='bbox 902 1015 1146 1090; x_wconf 80' lang='lat' dir='ltr'>concludere:</span> <span class='ocrx_word' id='word_1_29' title='bbox 1175 1017 1301 1089; x_wconf 85' lang='lat' dir='ltr'>‹Puto</span> <span class='ocrx_word' id='word_1_30' title='bbox 1327 1015 1384 1088; x_wconf 92' lang='lat' dir='ltr'>bis</span> <span class='ocrx_word' id='word_1_31' title='bbox 1408 1033 1490 1086; x_wconf 90' lang='lat' dir='ltr'>ern·</span> 
     </span>
     <span class='ocr_line' id='line_1_6' title="bbox 425 1139 1494 1232; baseline 0.002 -22"><span class='ocrx_word' id='word_1_32' title='bbox 425 1140 533 1213; x_wconf 87' lang='lat' dir='ltr'>uibus</span> <span class='ocrx_word' id='word_1_33' title='bbox 560 1141 706 1213; x_wconf 83' lang='lat' dir='ltr'>abunde</span> <span class='ocrx_word' id='word_1_34' title='bbox 734 1141 914 1214; x_wconf 80' lang='lat' dir='ltr'>excultum</span> <span class='ocrx_word' id='word_1_35' title='bbox 943 1142 1017 1213; x_wconf 91' lang='lat' dir='ltr'>lore</span> <span class='ocrx_word' id='word_1_36' title='bbox 1045 1140 1220 1213; x_wconf 81' lang='lat' dir='ltr'>muliebre</span> <span class='ocrx_word' id='word_1_37' title='bbox 1245 1139 1429 1232; x_wconf 82' lang='lat' dir='ltr'>ingenium</span> <span class='ocrx_word' id='word_1_38' title='bbox 1454 1146 1494 1212; x_wconf 92' lang='lat' dir='ltr'>et</span> 
     </span>
     <span class='ocr_line' id='line_1_7' title="bbox 423 1263 1610 1356; baseline 0 -20"><span class='ocrx_word' id='word_1_39' title='bbox 423 1264 538 1356; x_wconf 81' lang='lat' dir='ltr'>ipsam</span> <span class='ocrx_word' id='word_1_40' title='bbox 577 1265 787 1338; x_wconf 79' lang='lat' dir='ltr'>instructam</span> <span class='ocrx_word' id='word_1_41' title='bbox 821 1265 867 1338; x_wconf 87' lang='lat' dir='ltr'>ed</span> <span class='ocrx_word' id='word_1_42' title='bbox 900 1265 1007 1338; x_wconf 85' lang='lat' dir='ltr'>vitam</span> <span class='ocrx_word' id='word_1_43' title='bbox 1044 1263 1292 1338; x_wconf 85' lang='lat' dir='ltr'>commodent</span> <span class='ocrx_word' id='word_1_44' title='bbox 1322 1263 1493 1355; x_wconf 79' lang='lat' dir='ltr'>religiose</span> <span class='ocrx_word' id='word_1_45' title='bbox 1606 1337 1610 1346; x_wconf 83' lang='grc'><em>,</em></span> 
     </span>
     <span class='ocr_line' id='line_1_8' title="bbox 425 1387 823 1484; baseline -0.015 -24"><span class='ocrx_word' id='word_1_46' title='bbox 425 1389 692 1482; x_wconf 80' lang='lat' dir='ltr'>transigendam</span> <span class='ocrx_word' id='word_1_47' title='bbox 719 1387 823 1484; x_wconf 64' lang='grc'><strong>(1).)</strong></span> 
     </span>
    </p>
   </div>
   <div class='ocr_carea' id='block_1_3' title="bbox 420 1641 1492 2152">
    <p class='ocr_par' dir='ltr' id='par_1_4' title="bbox 420 1641 1492 2152">
     <span class='ocr_line' id='line_1_9' title="bbox 454 1641 1492 1706; baseline 0 -14"><span class='ocrx_word' id='word_1_48' title='bbox 454 1641 488 1706; x_wconf 82' lang='lat' dir='ltr'>(ll</span> <span class='ocrx_word' id='word_1_49' title='bbox 501 1647 539 1696; x_wconf 81' lang='lat' dir='ltr'>De</span> <span class='ocrx_word' id='word_1_50' title='bbox 557 1644 653 1705; x_wconf 73' lang='lat' dir='ltr'>Ometo</span> <span class='ocrx_word' id='word_1_51' title='bbox 673 1645 784 1706; x_wconf 78' lang='lat' dir='ltr'>mariti,</span> <span class='ocrx_word' id='word_1_52' title='bbox 810 1643 865 1697; x_wconf 82' lang='grc'><strong>369.</strong></span> <span class='ocrx_word' id='word_1_53' title='bbox 885 1643 991 1696; x_wconf 78' lang='lat' dir='ltr'>Forsan</span> <span class='ocrx_word' id='word_1_54' title='bbox 1010 1643 1079 1694; x_wconf 82' lang='lat' dir='ltr'>baec</span> <span class='ocrx_word' id='word_1_55' title='bbox 1096 1643 1216 1694; x_wconf 77' lang='lat' dir='ltr'>viviane</span> <span class='ocrx_word' id='word_1_56' title='bbox 1235 1641 1269 1692; x_wconf 81' lang='lat' dir='ltr'>da</span> <span class='ocrx_word' id='word_1_57' title='bbox 1289 1641 1389 1706; x_wconf 83' lang='lat' dir='ltr'>puellis</span> <span class='ocrx_word' id='word_1_58' title='bbox 1407 1643 1492 1692; x_wconf 82' lang='lat' dir='ltr'>inati-</span> 
     </span>
     <span class='ocr_line' id='line_1_10' title="bbox 423 1731 1492 1798; baseline 0.004 -18"><span class='ocrx_word' id='word_1_59' title='bbox 423 1731 534 1780; x_wconf 81' lang='lat' dir='ltr'>tuendie</span> <span class='ocrx_word' id='word_1_60' title='bbox 550 1731 677 1782; x_wconf 85' lang='lat' dir='ltr'>doctrina</span> <span class='ocrx_word' id='word_1_61' title='bbox 690 1744 747 1782; x_wconf 90' lang='lat' dir='ltr'>non</span> <span class='ocrx_word' id='word_1_62' title='bbox 767 1733 834 1782; x_wconf 83' lang='lat' dir='ltr'>satia</span> <span class='ocrx_word' id='word_1_63' title='bbox 856 1731 917 1784; x_wconf 86' lang='lat' dir='ltr'>inae</span> <span class='ocrx_word' id='word_1_64' title='bbox 933 1733 1070 1798; x_wconf 82' lang='lat' dir='ltr'>explicate</span> <span class='ocrx_word' id='word_1_65' title='bbox 1090 1732 1247 1792; x_wconf 88' lang='lat' dir='ltr'>videbitur;</span> <span class='ocrx_word' id='word_1_66' title='bbox 1266 1731 1314 1782; x_wconf 88' lang='lat' dir='ltr'>sed</span> <span class='ocrx_word' id='word_1_67' title='bbox 1335 1733 1401 1783; x_wconf 89' lang='lat' dir='ltr'>mibi</span> <span class='ocrx_word' id='word_1_68' title='bbox 1421 1733 1492 1784; x_wconf 82' lang='lat' dir='ltr'>baec</span> 
     </span>
     <span class='ocr_line' id='line_1_11' title="bbox 423 1820 1491 1886; baseline 0.001 -17"><span class='ocrx_word' id='word_1_69' title='bbox 423 1820 555 1870; x_wconf 81' lang='lat' dir='ltr'>scribenti</span> <span class='ocrx_word' id='word_1_70' title='bbox 570 1826 741 1884; x_wconf 86' lang='lat' dir='ltr'>compertum</span> <span class='ocrx_word' id='word_1_71' title='bbox 759 1825 801 1870; x_wconf 89' lang='lat' dir='ltr'>est</span> <span class='ocrx_word' id='word_1_72' title='bbox 824 1835 894 1886; x_wconf 82' lang='lat' dir='ltr'>opus</span> <span class='ocrx_word' id='word_1_73' title='bbox 917 1821 1056 1885; x_wconf 87' lang='lat' dir='ltr'>quoddam</span> <span class='ocrx_word' id='word_1_74' title='bbox 1076 1821 1110 1872; x_wconf 88' lang='lat' dir='ltr'>de</span> <span class='ocrx_word' id='word_1_75' title='bbox 1130 1822 1176 1871; x_wconf 85' lang='lat' dir='ltr'>illa</span> <span class='ocrx_word' id='word_1_76' title='bbox 1198 1821 1341 1885; x_wconf 86' lang='lat' dir='ltr'>speciatim</span> <span class='ocrx_word' id='word_1_77' title='bbox 1363 1820 1491 1872; x_wconf 79' lang='lat' dir='ltr'>doctrina</span> 
     </span>
     <span class='ocr_line' id='line_1_12' title="bbox 420 1909 1490 1974; baseline 0.001 -17"><span class='ocrx_word' id='word_1_78' title='bbox 420 1909 476 1971; x_wconf 83' lang='lat' dir='ltr'>jara</span> <span class='ocrx_word' id='word_1_79' title='bbox 491 1913 617 1973; x_wconf 80' lang='lat' dir='ltr'>paratum</span> <span class='ocrx_word' id='word_1_80' title='bbox 627 1909 722 1968; x_wconf 80' lang='lat' dir='ltr'>tuisse,</span> <span class='ocrx_word' id='word_1_81' title='bbox 735 1909 817 1960; x_wconf 90' lang='lat' dir='ltr'>immo</span> <span class='ocrx_word' id='word_1_82' title='bbox 830 1911 859 1960; x_wconf 87' lang='lat' dir='ltr'>in</span> <span class='ocrx_word' id='word_1_83' title='bbox 874 1923 908 1960; x_wconf 89' lang='lat' dir='ltr'>eo</span> <span class='ocrx_word' id='word_1_84' title='bbox 922 1923 983 1960; x_wconf 82' lang='lat' dir='ltr'>esso</span> <span class='ocrx_word' id='word_1_85' title='bbox 996 1915 1027 1960; x_wconf 92' lang='lat' dir='ltr'>ut</span> <span class='ocrx_word' id='word_1_86' title='bbox 1039 1923 1103 1960; x_wconf 77' lang='lat' dir='ltr'>mox</span> <span class='ocrx_word' id='word_1_87' title='bbox 1118 1911 1193 1974; x_wconf 78' lang='lat' dir='ltr'>typis</span> <span class='ocrx_word' id='word_1_88' title='bbox 1208 1909 1398 1970; x_wconf 60' lang='lat' dir='ltr'>mandanarum</span> <span class='ocrx_word' id='word_1_89' title='bbox 1413 1909 1490 1973; x_wconf 86' lang='lat' dir='ltr'>quod</span> 
     </span>
     <span class='ocr_line' id='line_1_13' title="bbox 422 1999 1492 2064; baseline 0.007 -17"><span class='ocrx_word' id='word_1_90' title='bbox 422 1999 452 2048; x_wconf 88' lang='lat' dir='ltr'>in</span> <span class='ocrx_word' id='word_1_91' title='bbox 467 2013 551 2052; x_wconf 81' lang='lat' dir='ltr'>causa</span> <span class='ocrx_word' id='word_1_92' title='bbox 565 1999 618 2052; x_wconf 75' lang='lat' dir='ltr'>{uit</span> <span class='ocrx_word' id='word_1_93' title='bbox 632 2013 681 2056; x_wconf 85' lang='lat' dir='ltr'>cur</span> <span class='ocrx_word' id='word_1_94' title='bbox 694 2013 751 2053; x_wconf 85' lang='lat' dir='ltr'>rem</span> <span class='ocrx_word' id='word_1_95' title='bbox 767 2001 888 2060; x_wconf 83' lang='lat' dir='ltr'>breviter</span> <span class='ocrx_word' id='word_1_96' title='bbox 899 2000 1104 2064; x_wconf 83' lang='lat' dir='ltr'>contraherem,</span> <span class='ocrx_word' id='word_1_97' title='bbox 1119 2001 1164 2051; x_wconf 86' lang='lat' dir='ltr'>val</span> <span class='ocrx_word' id='word_1_98' title='bbox 1176 2002 1232 2064; x_wconf 78' lang='lat' dir='ltr'>jam</span> <span class='ocrx_word' id='word_1_99' title='bbox 1249 2003 1417 2053; x_wconf 70' lang='lat' dir='ltr'>conuectum</span> <span class='ocrx_word' id='word_1_100' title='bbox 1432 2013 1492 2054; x_wconf 84' lang='lat' dir='ltr'>nott</span> 
     </span>
     <span class='ocr_line' id='line_1_14' title="bbox 423 2087 625 2152; baseline 0.025 -17"><span class='ocrx_word' id='word_1_101' title='bbox 423 2087 625 2152; x_wconf 83' lang='lat' dir='ltr'>amplificarem.</span> 
     </span>
    </p>
   </div>
   <div class='ocr_carea' id='block_1_4' title="bbox 0 0 1646 5480">
    <p class='ocr_par' dir='ltr' id='par_1_5' title="bbox 0 0 1646 5480">
     <span class='ocr_line' id='line_1_15' title="bbox 0 0 1646 5480; baseline 0 1"><span class='ocrx_word' id='word_1_102' title='bbox 0 0 1646 5480; x_wconf 95' lang='lat' dir='ltr'> </span> 
     </span>
    </p>
   </div>
  </div>
 </body>
</html>
