3284 5480
130 761 311 848 tempore,
344 754 389 827 de
415 751 609 822 substantio
641 757 676 823 et
703 747 902 832 euadente,
930 758 1015 831 eto..
1048 759 1114 826 ete.
1144 755 1200 826 Nil

130 882 217 953 novi
233 881 271 951 in
289 880 357 951 noe
372 877 544 969 opusculo
561 875 718 967 reperias
734 874 806 946 nisi
825 874 1009 966 limpidam
1025 881 1201 954 sermonis
1283 863 1287 872 ’

130 1004 428 1097 simplieitatem
463 1002 552 1075 iorte
584 1000 740 1092 primum
775 1001 956 1092 exemplar
986 1009 1040 1074 est
1073 1004 1200 1077 horum

131 1127 424 1200 Enohiridiorum
468 1125 698 1217 quaestiones
743 1123 1010 1214 philosophicas
1051 1126 1205 1201 breviter

132 1251 470 1343 eompleotentinm‚
494 1250 531 1320 in
562 1248 695 1338 quihus
723 1249 772 1319 ita
795 1247 914 1319 inoida
933 1257 967 1320 et
987 1251 1093 1340 plana
1120 1262 1206 1325 sunt

132 1377 244 1449 verba
264 1384 304 1447 ut
324 1382 358 1449 et
377 1375 477 1467 ipsae
497 1393 553 1446 res
572 1373 710 1445 ineidae
729 1380 763 1446 et
780 1374 907 1464 planae
923 1375 1044 1464 pneris
1061 1375 1205 1448 videan-

135 1511 214 1587 tur,
238 1510 273 1575 et
300 1520 410 1592 qnae,
433 1499 463 1572 si
484 1518 557 1571 non
577 1501 685 1572 altam
706 1498 853 1571 tradunt
872 1499 1076 1587 seientiam,
1100 1502 1207 1575 rudes

136 1600 260 1701 tamen
280 1635 315 1699 et
334 1634 475 1699 teneras
490 1624 609 1696 adhue
624 1630 762 1697 mentes
780 1623 1029 1714 philosophico
1049 1628 1207 1698 sermoni

138 1755 334 1826 elementer
353 1749 611 1823 assuefaciunt.

191 1876 261 1950 Sed
287 1894 385 1947 nuno
407 1893 555 1965 agamus
575 1873 619 1946 de
638 1873 846 1956 Rhetorica,
869 1873 971 1964 oujns
995 1874 1032 1945 in
1058 1874 1206 1965 primis,

141 2001 266 2072 leviter
284 1999 435 2090 gustatis
451 1997 682 2070 Naturalihns
700 2003 735 2071 et
750 1997 1008 2070 Mathematiois
1024 1999 1161 2071 artibus
1175 2007 1211 2074 et

142 2126 224 2218 ipsa
232 2125 485 2216 metaphysica,
503 2123 687 2195 studiosus
701 2117 768 2194 init
781 2123 923 2204 Noster·;
940 2124 978 2194 in
992 2124 1118 2197 harum
1134 2133 1208 2197 stn-

144 2251 206 2322 dio
222 2250 273 2321 vel
288 2248 496 2341 peregrinus
511 2248 565 2320 vel
581 2246 782 2338 discipulus
798 2247 950 2330 videtur,
964 2248 1001 2319 in
1015 2248 1114 2321 iltius
1128 2269 1214 2323 vero

147 2374 313 2464 magister
332 2379 479 2465 apparet
498 2380 533 2444 et
552 2378 724 2462 tanquam
744 2373 782 2442 in
803 2390 868 2443 suo
889 2389 997 2462 regno
1016 2381 1189 2445 versatur.

500 2627 685 2687 Anrreunns
707 2625 862 2699 Qurnrus.

570 2845 607 2903 De
628 2845 797 2906 Rhetorica.

152 3077 292 3138 Quaenam
308 3082 335 3125 et
356 3076 496 3138 quomodo
517 3075 667 3126 Rhetorica
682 3075 711 3123 in
732 3075 834 3124 scholis
854 3076 937 3124 medii
960 3078 1020 3128 aevi
1039 3091 1149 3134 necnon
1171 3092 1216 3127 re-

182 3169 302 3216 centium
318 3171 473 3228 temporum
488 3163 663 3216 traderetur?
678 3165 753 3213 Vitia
766 3170 825 3213 tum
841 3165 1048 3216 dialecticorum
1063 3174 1120 3216 tum
1136 3167 1216 3218 Cice-

182 3259 361 3306 ronianorum
376 3257 554 3319 reprehendit
578 3256 674 3308 Vires¹
694 3255 836 3314 Quaenam
854 3257 913 3318 ipse
931 3261 959 3306 et
977 3257 1006 3304 in
1022 3259 1122 3320 quibus
1138 3258 1216 3307 libris

183 3347 335 3409 praecipiat
356 3345 390 3394 do
416 3346 524 3395 ratione
547 3345 723 3393 Rhetoricam
746 3344 901 3394 tradendi?
924 3345 964 3395 De
986 3346 1151 3396 Imitatione.
1176 3347 1217 3396 Do

184 3434 438 3483 Exercitationibus
470 3448 541 3495 quae
570 3435 640 3483 fiunt
664 3434 819 3496 loquendo,
844 3435 976 3497 legendo,
1002 3436 1158 3498 scribendo.
1182 3441 1219 3484 De

185 3526 403 3572 conscribendis
418 3524 562 3582 Episiotis.
573 3548 605 3559 -
619 3523 742 3572 Paucula
757 3523 791 3571 de
807 3523 930 3573 Historia
945 3523 1093 3573 adduntur.
1206 3559 1209 3566 .

204 3751 255 3820 Er
273 3747 390 3821 trihus
410 3749 548 3822 artibus
569 3750 713 3841 quaein
733 3749 855 3820 Trivio
874 3751 1219 3834 annumerabantur,

157 3874 357 3957 Rhetorica,
375 3874 470 3966 apud
491 3876 567 3946 aevi
588 3875 696 3947 medii
718 3876 920 3966 magistros,
933 3878 986 3947 vel
1006 3895 1085 3948 oum
1103 3877 1224 3946 Gram-
1257 3901 1267 3916 ·

157 3999 298 4082 matina,
316 3998 369 4070 vei
390 4017 469 4070 enm
491 3999 681 4072 dialectiea
700 4000 749 4071 ita
768 3999 984 4072 miscebatur
1000 4008 1039 4071 nt
1057 4001 1135 4090 ipsa
1151 4019 1223 4070 non

157 4142 237 4195 rere
257 4131 291 4195 et
310 4125 452 4215 proprie
469 4144 527 4196 ars
548 4123 699 4215 integra,
716 4130 857 4196 tantum
873 4143 955 4196 vero
970 4124 1121 4196 duarum
1139 4123 1225 4194 atia-

157 4268 238 4320 rum
268 4249 450 4339 provincia
476 4249 652 4341 quaedam
683 4268 762 4322 esse
791 4249 984 4323 videretur.
1011 4248 1111 4319 iliius
1143 4266 1226 4338 pars

160 4393 252 4465 quae
285 4376 323 4447 in
355 4375 566 4447 inventione
600 4381 760 4447 versatur
788 4375 992 4446 summatim
1024 4374 1062 4443 in
1092 4369 1229 4464 Topicis
