3284 5480
926 555 1083 620 ..gg-

468 695 692 768 adialectica
710 695 859 768 lormam
879 693 1032 768 docendi
1051 693 1206 785 accepim
1229 699 1265 766 et
1284 691 1388 784 quod
1408 689 1535 762 iaciunt

471 819 670 901 Dialectici,
698 846 714 883 ‹
735 817 772 891 id
793 819 875 892 iacit
893 828 933 892 ut
952 817 1059 891 ceteri
1082 816 1147 912 (l).
1168 847 1184 884 s

516 943 594 1015 Non
626 942 733 1034 longo
763 949 844 1034 post
877 951 1054 1034 tempore,
1086 944 1298 1017 Guillelmus
1327 941 1527 1022 Tardirius,

470 1066 602 1140 Ficheti
632 1069 812 1157 aequalis,
835 1067 942 1138 aliam
965 1067 1115 1140 coniecit
1134 1069 1359 1142 llhetoric'am
1386 1063 1452 1160 (2).
1473 1063 1528 1136 sed

469 1191 518 1263 ita
540 1191 752 1277 Quintiliani
783 1200 818 1264 et
844 1191 1027 1264 Ciceronis
1055 1191 1172 1265 verbis
1198 1193 1364 1266 refertam
1396 1199 1434 1264 ut
1456 1192 1527 1280 iure

467 1319 562 1386 conlo
581 1315 728 1407 quidam
748 1323 870 1390 vocata
890 1315 937 1389 sit
955 1313 1021 1411 (5).
1039 1317 1259 1390 Scholastico
1279 1316 1428 1409 quidem
1447 1312 1526 1385 diri·

468 1440 577 1514 nendi
603 1442 768 1514 cacoethe
791 1442 931 1515 ridetur
955 1449 1123 1534 purgata,
1144 1461 1224 1516 cum
1247 1461 1310 1516 ser
1335 1447 1472 1516 tantum
1496 1445 1527 1509 et

468 1585 542 1639 non
565 1574 731 1640 sexcenta
756 1574 794 1639 ut
812 1567 999 1650 Fiohetus,
1021 1565 1066 1640 de
1087 1569 1384 1642 pronuntiatione
1403 1571 1525 1640 statuat

467 1698 655 1782 praecepta
686 1691 898 1773 lardirium
930 1692 994 1765 sed
1025 1693 1096 1764 alia
1127 1700 1227 1785 peste
1258 1699 1426 1785 corrupta
1457 1696 1522 1770 est,

468 1833 570 1888 mccc
594 1815 728 1888 scilicet
751 1816 997 1908 Magistrornm
1026 1818 1267 1891 veneratione.
1288 1816 1523 1905 Quintilianus

468 1940 565 2012 onim
591 1939 636 2012 de
661 1941 863 2032 superciliis
888 1941 1127 2026 disseruerat,
1154 1943 1256 2035 qnasi
1286 1943 1330 2016 de
1358 1941 1524 2014 histrione

468 2082 540 2135 non
559 2062 603 2135 tle
622 2071 761 2137 oratore
781 2082 837 2138 res
857 2071 970 2145 esset,
993 2073 1029 2139 et
1047 2067 1228 2158 quomodo
1244 2067 1290 2139 iis
1309 2092 1326 2134 a
1343 2063 1523 2138 contractis

467 2185 625 2272 tristitia,
648 2187 810 2261 deductis
832 2189 1013 2274 hilaritas
1036 2191 1197 2264 remissis
1217 2192 1334 2283 pudor
1362 2188 1521 2263 ostenda·

468 2316 544 2398 tur,
566 2337 581 2375 »
608 2311 776 2385 docuerat
796 2311 874 2407 (l);
897 2314 1101 2399 Tardivius,
1124 2317 1175 2388 nil
1196 2316 1268 2389 nisi
1290 2316 1476 2388 miratione
1488 2330 1524 2384 ac

468 2435 669 2508 imitatione
698 2437 846 2530 dignum
869 2459 890 2511 3
911 2440 1134 2526 Quintiliano
1160 2441 1371 2514 existimans
1398 2439 1521 2512 dictum

468 2557 593 2641 luisse,
623 2578 703 2633 cum
724 2536 892 2653 Magistro
912 2571 947 2637 et
965 2565 1043 2655 ipso
1062 2565 1149 2639 dicit
1177 2591 1186 2638 ε
1223 2593 1239 2630 ‹
1264 2568 1304 2638 ln
1331 2563 1522 2657 superciliis

468 2684 749 2775 multomagitur
770 2713 785 2751 »
811 2695 846 2759 et
865 2688 910 2760 de
931 2691 1132 2782 superciliis
1152 2690 1310 2764 disserit.

517 2808 743 2882 Manifestum
757 2818 867 2885 estex
882 2813 1087 2888 istiusmodi
1102 2817 1306 2888 rhetoribus
1319 2814 1520 2887 rhetoricam

467 2934 559 3005 nihil
580 2934 815 3026 proiecturam
836 2938 961 3011 tuisse.
983 2939 1115 3013 Eadem
1134 2941 1232 3012 enim
1248 2941 1446 3013 reverentia
1460 2954 1522 3028 qua

467 3058 620 3149 majores
648 3058 892 3146 Aristotelem,
916 3063 951 3133 hi
977 3063 1182 3137 Ciceronem
1210 3071 1245 3138 ot
1269 3063 1517 3151 Quintilianum

467 3182 615 3262 colunt;
646 3183 824 3275 quioquid
851 3187 1008 3276 Magistri
1034 3186 1210 3268 dixerint,
1233 3207 1335 3261 caeca
1362 3185 1518 3278 religione

467 3311 695 3378 venerantur.
723 3333 739 3371 ‹
759 3307 943 3381 Rationem
965 3317 1093 3402 sponte
1112 3312 1267 3402 quadam
1292 3319 1511 3403 sequantur»

498 3612 531 3676 (l)
547 3612 622 3662 Haec
637 3618 754 3664 estvera
768 3615 855 3664 totius
868 3617 960 3679 operis
972 3618 1094 3680 partitio,
1105 3620 1230 3682 neglecta
1241 3634 1312 3683 qrrao
1322 3621 1350 3668 in
1363 3619 1517 3683 praelatione

465 3701 632 3765 proponitur
647 3716 653 3751 :

500 3791 523 3840 l·
540 3791 581 3839 De
596 3793 771 3853 generalibus
786 3793 932 3844 rhetoricis
947 3796 1174 3856 inventionibus;

496 3879 521 3928 ‘2⁰
538 3880 580 3929 Do
595 3880 708 3943 speciali
724 3881 886 3932 invent-ione
901 3888 928 3932 et
943 3884 977 3933 do
993 3885 1194 3948 dispositione;

497 3969 521 4019 3ο
538 3969 580 4018 Ι)3
595 3970 761 4030 elocutione,
775 3972 915 4034 memoria,
929 3975 1164 4036 pronuntiatione.
1208 3965 1212 3971 ’

478 4058 561 4121 ·(2)rr
585 4057 728 4108 Guillermi
750 4058 873 4110 Tardivii
894 4060 1052 4112 Aniciensis
1076 4064 1230 4115 rhetoricae
1252 4068 1319 4117 artis
1343 4083 1375 4117 ac
1394 4065 1516 4117 oratoriae

466 4146 616 4197 Facultatis
632 4146 870 4212 0333333133.»

497 4235 530 4299 (3)
545 4236 659 4298 Thurot,
675 4242 713 4286 De
728 4240 955 4303 l'Orpaniealion,
971 4256 996 4305 3.
1013 4242 1052 4294 ol.

390 4331 400 4366 ·.
497 4325 530 4389 (t)
546 4325 588 4376 ci.
606 4325 817 4390 Quintilianum,
832 4329 879 4379 lib.
896 4329 943 4390 Xl,
959 4345 983 4384 c.
996 4344 1038 4381 nr.
