3284 5480
918 603 1076 666 -lii-

375 837 380 848 .
463 741 573 812 Boetii
601 740 869 824 includebatur,
892 748 927 813 et
948 760 1019 814 una
1038 761 1117 814 curn
1138 741 1211 814 illis
1230 739 1439 815 tradebatur
1462 739 1528 836 (l).

462 865 622 937 Elocutio
657 883 737 937 vero
770 867 1027 942 Grammaticae
1059 887 1142 959 pars
1176 876 1264 942 erat.
1292 869 1532 941 Grammatica

461 991 557 1061 enim
584 990 783 1062 habebatur
810 998 849 1063 nt
873 1010 931 1064 ars
956 992 1137 1065 interdum
1163 993 1390 1084 simpliciter,
1411 993 1528 1066 inter·

459 1115 545 1188 dum
565 1115 667 1188 docte
684 1117 870 1208 loquendi.
895 1119 1067 1190 ‹Peritns
1086 1119 1346 1192 Grammaticus
1366 1118 1437 1191 sibi
1459 1118 1527 1191 du·
1618 1103 1622 1112 ’

460 1240 541 1331 plen
572 1249 761 1332 praeparat
789 1241 1090 1324 instrumentum,
1113 1263 1224 1314 unum
1251 1261 1323 1334 quc
1344 1243 1460 1315 utitur
1485 1241 1530 1314 ad

459 1365 600 1456 plures,
623 1371 662 1437 ut
685 1371 740 1437 est
763 1384 881 1438 sermo
908 1366 1118 1457 simpliciter
1145 1385 1343 1459 congruus,
1366 1373 1401 1440 ct
1428 1366 1529 1438 aliud

460 1508 533 1581 quo
549 1490 661 1562 utitur
673 1489 718 1561 ad
734 1491 928 1582 sapientes,
941 1499 981 1563 ut
997 1497 1052 1564 est
1070 1510 1187 1565 sermo
1204 1491 1411 1584 figurativus
1427 1489 1523 1585 (2).»

461 1616 570 1687 llulta
590 1634 671 1707 ergo
695 1615 913 1706 scripserant
940 1617 1168 1689 Grammatici
1193 1616 1237 1689 de
1257 1616 1412 1708 Figuris,
1438 1634 1528 1708 quas

459 1740 497 1811 in
518 1739 590 1812 duo
610 1758 740 1830 genera
760 1740 969 1813 dividebant
991 1765 999 1812 :
1026 1743 1059 1811 l⁰
1080 1739 1346 1840 Grammaticos
1363 1740 1526 1833 ficoros,

461 1884 526 1938 seu
545 1865 631 1935 ollio
650 1865 822 1935 sermonis
841 1885 987 1936 anaema
1008 1886 1100 1958 quae
1119 1866 1411 1940 definiebantur:
1442 1893 1458 1931 ‹
1479 1865 1528 1937 vi·

457 1991 547 2063 tinm
574 1992 711 2064 ratione
736 1998 1002 2073 excusatum»
1029 2000 1062 2065 et
1087 1993 1304 2066 vocabantur
1328 1993 1381 2066 rel
1407 1991 1527 2063 Melo-

452 2117 634 2210 plosmus,
660 2118 714 2188 vel
742 2116 916 2202 Sobeorc,
942 2119 995 2191 vel
1025 2118 1182 2212 Propere,
1204 2125 1310 2210 proni
1335 2146 1351 2183 ι
1372 2118 1526 2191 deviatio

458 2243 587 2314 vitiosa
618 2241 727 2314 fiebat
765 2242 818 2315 rel
853 2261 874 2314 a
911 2243 1081 2325 materia,
1108 2244 1213 2315 rel-a
1247 2243 1380 2326 lcrma,
1413 2244 1470 2316 uel
1506 2261 1527 2314 a

457 2365 529 2438 line
550 2362 622 2460 (5);
644 2391 660 2430 u
680 2369 716 2436 2⁰
736 2363 876 2438 Colores
894 2364 1111 2450 Rhetoricos,
1135 2368 1197 2459 qui
1216 2374 1356 2440 tantum
1374 2368 1525 2440 consilio

457 2489 649 2564 dicentisa
670 2489 793 2580 figuris
812 2491 1052 2581 grammaticis
1072 2491 1299 2564 differebant.
1319 2518 1334 2556 ι
1350 2492 1387 2563 Si
1406 2510 1524 2564 sermo

456 2615 642 2687 ordinetur
661 2615 706 2687 ad
726 2615 1002 2706 significandum
1018 2623 1223 2697 tantum...,
1246 2614 1380 2707 figurae
1395 2615 1521 2689 verbo-

457 2758 535 2810 rum
563 2739 808 2812 consideratae
835 2740 872 2810 in
900 2758 1066 2813 sermone
1093 2740 1145 2812 sic
1172 2746 1315 2831 sumpto
1342 2741 1524 2830 portinent

456 2864 501 2935 ad
518 2864 839 2935 Grammaticam...
860 2864 898 2935 Sl
919 2864 1165 2936 consideretur·
1180 2865 1217 2935 in
1234 2882 1399 2937 sermone
1419 2868 1525 2956 prout

456 2987 642 3060 ordinatur
662 2989 707 3060 ad
732 2989 946 3061 mouendum
967 2990 1133 3062 uirtutem
1154 2989 1470 3080 concupiscibilem
1491 2996 1524 3061 et

455 3112 671 3185 irascibilem
697 3112 735 3183 in
760 3112 901 3203 jndice,
925 3114 977 3185 sic
995 3121 1080 3186 sunt
1104 3113 1220 3204 primo
1245 3113 1290 3185 de
1315 3112 1519 3185 censidera-

456 3241 554 3311 tione
573 3239 741 3312 rhetorici
764 3236 829 3332 (l).
853 3266 868 3304 »

503 3366 627 3436 Exstat
663 3371 779 3436 tamen
814 3365 1001 3437 Rhetorica
1036 3364 1235 3454 quaedam,
1261 3384 1282 3436 a
1310 3363 1519 3456 Raymundo

454 3489 555 3560 Lullo
574 3488 666 3559 circa
685 3507 820 3559 aunum
843 3488 1154 3580 lacedemonia,
1177 3497 1212 3561 et
1235 3509 1328 3582 quae
1350 3489 1517 3560 inscribi·

455 3620 510 3685 tur
541 3638 549 3684 :
582 3609 625 3680 In
650 3610 861 3682 Rhetoricae
890 3610 1059 3704 Isoqoqc,
1089 3614 1137 3684 lla
1167 3620 1205 3685 ut
1237 3632 1316 3687 eam
1345 3612 1469 3686 credas
1498 3629 1521 3682 a
1616 3709 1617 3714 Ἰ

454 3738 690 3809 Grammatica
727 3745 761 3809 et
785 3737 973 3810 Dialectica
1004 3738 1152 3809 omnino
1189 3739 1385 3828 sejunctam
1425 3754 1516 3809 esse.
1615 3729 1617 3816 r

453 3861 540 3944 Sed,
562 3863 592 3933 si
618 3863 881 3934 ultratitulum
908 3861 1057 3953 legendo
1080 3880 1292 3954 progressus
1317 3862 1446 3947 lubria,
1467 3860 1517 3932 nil
1615 3853 1617 3922 ἰ

484 4118 516 4181 (1)
534 4115 575 4169 Oi.
592 4116 707 4180 Thaioi,
723 4121 760 4168 Dc
777 4118 1011 4180 l'Oroanr'satr'on,
1030 4120 1091 4177 etc„
1107 4131 1133 4180 p.
1152 4117 1190 4167 82.

483 4209 515 4274 (2)
530 4211 642 4259 Noliccs
657 4213 682 4258 et
698 4211 823 4257 Extratls
839 4211 888 4256 des
901 4210 1085 4257 manuscrits.

484 4300 517 4363 (at
534 4299 613 4360 mnu,
630 4312 657 4361 p.
675 4297 731 4358 use,
749 4297 803 4346 lou.

483 4390 516 4454 (u)
532 4389 601 4437 nuru.
835 4371 837 4378 '
