3284 5480
464 784 531 866 tia;
556 783 607 856 sic
623 783 745 856 lorsan
766 799 915 854 numero
934 781 1120 872 pauciores
1143 785 1248 854 erunt
1267 777 1442 870 magistri,
1465 775 1528 849 sed

464 917 539 981 arte
560 907 850 1000 praestantiores.
874 909 1058 980 Praeterea
1078 905 1139 998 qul
1160 904 1291 997 gradus
1310 903 1430 994 adepti
1448 902 1526 975 iue-

464 1034 538 1106 rint
558 1052 630 1104 non
659 1032 789 1105 idcirco
811 1031 968 1124 magistri
997 1049 1128 1103 munus
1150 1029 1251 1102 obire
1275 1030 1438 1121 possiut;
1467 1047 1527 1101 eos

466 1157 610 1249 quidem
631 1157 780 1230 scientia
808 1155 987 1247 praeditos
1014 1173 1093 1228 esse
1113 1155 1244 1247 gradus
1269 1160 1432 1237 testatur,
1455 1172 1526 1224 non

465 1283 632 1355 lacultate
652 1281 835 1353 scientiam
855 1281 936 1352 aliis
958 1279 1135 1352 tradendi.
1158 1279 1241 1352 ldeo
1259 1279 1469 1370 aliquandiu
1491 1279 1526 1349 io

467 1407 630 1479 tirocinio
651 1405 806 1496 quodam
826 1411 1070 1489 exerceantur,
1093 1404 1130 1476 in
1151 1423 1222 1496 quo
1243 1404 1524 1495 experimentum
1608 1459 1610 1492 ,

466 1531 522 1602 sui
543 1531 628 1602 dent
646 1537 753 1621 atque
769 1549 835 1601 usu
852 1537 963 1602 artem
982 1528 1133 1602 docendi
1154 1528 1350 1601 doceantur
1372 1553 1380 1598 :
1410 1555 1426 1592 ι
1446 1529 1526 1598 Pro·

467 1654 664 1728 illabuntur
687 1655 898 1746 aliquandiu
919 1654 1014 1747 apud
1033 1654 1250 1727 auditorium
1273 1655 1454 1745 nequens,
1472 1651 1525 1724 cui

466 1789 501 1852 et
524 1779 575 1851 illi
603 1798 864 1870 nonnunquam
889 1781 1090 1854 intererunt
1117 1781 1179 1871 qui
1205 1779 1249 1853 de
1276 1781 1328 1852 eis
1354 1778 1525 1870 judicium
1609 1853 1610 1856 ,

466 1905 557 1977 terre
578 1906 719 1996 possint
737 1904 831 1995 quod
854 1904 1004 1978 dicatur.
1021 1905 1122 1991 Quod
1144 1906 1175 1978 si
1194 1904 1449 1997 approbentur,
1470 1903 1527 1975 de·

466 2031 588 2103 sinent
607 2030 827 2122 professores
843 2049 937 2124 esse,
955 2029 1043 2104 llent
1058 2032 1220 2104 doctores
1238 2031 1291 2103 rel
1308 2030 1525 2121 magistri‚...
1609 2057 1610 2064 Ν

466 2172 556 2244 quos
576 2153 839 2244 appellabimus
860 2153 1047 2246 arragislros
1063 2153 1282 2248 professores
1301 2154 1371 2244 (l).
1398 2181 1413 2218 ι

514 2277 677 2365 Ceterum
695 2277 905 2350 descientia
922 2251 1080 2370 magistri
1097 2277 1191 2350 idem
1208 2279 1362 2350 libenter
1383 2276 1527 2350 sentiret

465 2401 569 2474 Vires
595 2420 636 2473 ac
660 2402 780 2480 Cicero
801 2409 835 2474 et
856 2402 1120 2488 Quintilianus,
1144 2421 1273 2494 nempe
1292 2402 1330 2472 in
1362 2401 1525 2492 magistro

465 2543 544 2597 esse
576 2525 705 2597 debere
739 2553 753 2590 a
782 2528 944 2597 omniurn
979 2527 1220 2598 doctrinarum
1256 2533 1466 2598 concentum
1495 2530 1526 2594 et

465 2668 745 2733 consensum...
767 2650 1039 2742 disciplinamm
1061 2651 1198 2734 orbem,
1222 2676 1239 2719 n
1261 2669 1303 2724 ea
1321 2651 1524 2743 praesertin
1608 2695 1610 2718 .

466 2793 572 2846 causa
592 2775 689 2866 qrrod
715 2775 962 2867 «disciplinae
981 2796 1120 2858 omnes,
1141 2785 1182 2849 ut
1200 2777 1361 2859 virtutes,
1384 2775 1476 2848 luter
1491 2791 1526 2845 se

466 2899 658 2990 quamdam
690 2902 951 2972 connexionem
985 2903 1132 2974 habent.
1165 2929 1180 2966 »
1217 2900 1286 2974 Sed
1320 2921 1400 2973 cum
1436 2903 1527 2972 hunc
1608 2915 1610 2926 ²

466 3032 677 3097 concentum
703 3045 782 3096 raro
809 3025 962 3097 inveniri
989 3045 1061 3098 non
1089 3029 1247 3118 ignoret,
1271 3026 1357 3098 satis
1380 3026 1526 3098 idoneus
1608 3083 1610 3118 p

465 3149 519 3221 illl
543 3150 709 3240 magister
728 3151 866 3222 videtur
882 3152 944 3241 qui
961 3151 1094 3241 optime
1110 3151 1247 3233 didicit,
1266 3151 1418 3242 perlecto
1434 3155 1524 3223 tenet
1608 3189 1610 3216 ÷

465 3281 501 3345 et
526 3292 598 3345 non
621 3276 747 3365 raptim
770 3282 804 3347 et
825 3276 861 3347 ln
885 3275 978 3347 diem
1002 3277 1142 3366 collegit
1162 3295 1254 3366 quae
1281 3276 1442 3366 quotidie
1461 3282 1526 3346 lra-
1608 3271 1610 3320 i

467 3399 550 3470 dere
570 3399 687 3478 dehet,
708 3400 770 3489 qui
791 3399 948 3491 denique
967 3419 1039 3471 non
1065 3407 1266 3489 «tanquam
1287 3402 1521 3491 peregrinus»

467 3523 530 3595 sed
560 3531 730 3614 tanquam
760 3524 845 3594 civis
876 3525 968 3595 hanc
992 3525 1190 3596 litterarum
1219 3524 1436 3616 provinciam
1462 3523 1525 3596 sibi

466 3649 635 3720 creditam
653 3649 790 3730 incolit,
809 3650 887 3739 ejus
908 3649 1069 3741 singulas
1098 3657 1216 3742 partes
1241 3650 1401 3741 cognitas
1427 3651 1529 3740 plane

467 3773 575 3845 hahet
595 3780 629 3845 el
648 3775 684 3844 in
706 3792 747 3845 ea
769 3781 807 3845 ut
823 3773 861 3844 in
881 3774 1026 3866 propria
1046 3773 1131 3846 sede
1152 3773 1345 3863 versatur(
1370 3775 1399 3864 ).

517 3899 598 3977 Sed,
622 3899 739 3979 addit,
767 3899 958 3989 «magistri
979 3906 1193 3970 censeantur
1213 3917 1285 3970 non
1308 3917 1350 3970 ex
1371 3897 1530 3969 doctrina
1608 3959 1610 3984 ,

466 4024 594 4104 modo,
622 4023 685 4096 sed
713 4025 820 4096 etiam
850 4023 1022 4095 moribus.
1052 4050 1066 4087 ι
1098 4023 1227 4095 Omnia
1254 4042 1335 4113 ergo
1363 4023 1530 4114 eliugiant

498 4349 531 4414 (l)
547 4355 584 4398 Da
601 4349 768 4409 Tracteodis,
785 4347 831 4395 lib.
850 4346 884 4409 ΙΙ,
900 4361 923 4395 c.
941 4359 966 4406 r;
980 4352 1017 4396 De
1032 4348 1139 4406 Caesis,
1156 4346 1202 4396 lib.
1217 4345 1237 4408 1,
1254 4359 1277 4395 c.
1293 4357 1321 4395 x,

497 4440 530 4504 (i)
546 4445 583 4489 De
601 4441 759 4498 Tradenola,
775 4439 792 4487 l.
810 4437 844 4487 ΙΙ.
