3284 5480
489 1456 492 1463 ,
527 1372 802 1446 nnconuruu.

182 1735 269 1806 Cum
297 1733 341 1806 de
366 1751 558 1825 puerorum
585 1734 813 1806 institutione
840 1733 1066 1806 emendanda
1091 1741 1199 1826 atque

133 1858 369 1931 instauranda
388 1859 558 1930 scriberet
573 1859 691 1945 Vives,
706 1858 797 1930 circa
816 1877 951 1930 annum
975 1851 1081 1940 ibib.
1099 1861 1198 1950 operi

130 1984 204 2074 jam
224 1983 392 2054 inchoato
413 2001 492 2055 sese
521 1982 656 2055 socium
684 1982 851 2055 addebat.
873 1983 970 2054 Nibil
992 1984 1088 2056 onim
1110 1986 1201 2056 circa

134 2108 241 2180 finem
267 2108 383 2199 quinti
411 2107 538 2179 decimi
566 2116 600 2179 et
627 2108 769 2179 initium
800 2108 890 2179 sexti
911 2107 1038 2180 decimi
1065 2109 1197 2190 seculi,
1315 2123 1317 2128 “

133 2234 250 2304 acrius
269 2233 338 2304 sibi
360 2251 578 2336 proposuere
598 2232 727 2304 eruditi
750 2231 813 2302 viri
836 2251 943 2322 quam
964 2240 1004 2304 ut
1030 2260 1044 2297 r
1066 2234 1200 2324 ignaris

133 2356 197 2425 sibi
226 2357 366 2448 cognita
393 2357 637 2448 praeciperent
666 2353 712 2449 (i)
745 2383 760 2419 a
795 2374 836 2426 ac
863 2357 1014 2446 proinde
1047 2357 1199 2448 optimas

135 2481 353 2554 erudiendae
364 2481 562 2572 juventutis
580 2480 735 2552 rationes
753 2482 1006 2571 excogitarent.
1026 2484 1200 2553 Praeeun·

87 2584 92 2598 ⁸
135 2607 232 2678 tibus
260 2606 423 2677 initalia
451 2606 641 2677 Laurentio
668 2606 789 2686 Vatia,
818 2606 856 2674 in
887 2607 1060 2697 Hispania
1093 2607 1201 2678 nnro-

136 2731 196 2802 nio
226 2730 456 2812 Lebrixensi‚
488 2731 527 2800 in
561 2729 751 2801 Germania
777 2730 963 2821 Rodoipbo
988 2731 1148 2821 Agricola
1169 2739 1203 2804 et

136 2855 402 2940 Melancbtoue‚
432 2855 469 2925 in
498 2853 634 2926 bisatia
658 2854 928 2945 bringerbergio
958 2862 992 2926 et
1016 2855 1200 2946 Wimpbe·
1264 2901 1267 2907 ·

137 2979 268 3068 lingio,
287 2979 445 3050 Lutetiae
464 2979 595 3049 Jacobo
611 2978 724 3049 Fabro
742 2979 948 3068 Stapulonsi
963 2985 998 3051 et
1013 2979 1202 3051 Guiileimo

87 3194 92 3199 ῃ
138 3104 300 3187 Budaeo,
322 3105 360 3174 in
382 3104 508 3195 Angiia
528 3105 662 3175 Tboma
687 3105 804 3185 More,
826 3104 863 3174 in
885 3105 1028 3175 Batavia
1050 3123 1112 3176 scu
1137 3125 1201 3196 pon
1235 3177 1237 3182 ,

138 3229 208 3300 tius
253 3229 291 3299 in
335 3229 517 3318 plerisque
560 3230 723 3318 Europae
768 3227 998 3299 occidentalis
1041 3229 1203 3319 partibus

139 3355 308 3433 Erasmo‚
346 3353 488 3423 scboiae
522 3352 630 3458 simul
663 3371 704 3424 ac
736 3354 874 3424 litterae
909 3353 1201 3424 renascebantur.

139 3477 208 3548 Sed
245 3479 398 3548 multum
436 3478 560 3550 aberat
600 3484 638 3548 ut
675 3483 813 3548 tantum
841 3496 931 3568 opus
972 3477 1107 3567 ubique
1152 3478 1204 3548 vei
1257 3511 1261 3522 ·

138 3601 267 3672 initum
286 3602 340 3672 vel
359 3601 553 3691 perfectum
573 3606 680 3672 esset.
697 3601 835 3671 Veteris
856 3600 1094 3672 institutionis
1115 3601 1205 3672 ratio

17 3733 19 3736 ’
137 3725 341 3797 veneranda
377 3725 565 3798 ridebatur
602 3731 636 3797 et
675 3724 753 3816 ipsa
790 3725 1026 3826 perpetuitate
1065 3724 1205 3798 firmata

139 3851 248 3921 immo
286 3858 321 3922 et
353 3857 527 3922 vetustate
566 3851 783 3922 consecrata.
822 3875 837 3912 r
872 3848 996 3920 Arcem
1033 3849 1203 3940 ignoran-

170 4101 204 4166 (1)
252 4100 374 4151 Tandem
386 4101 435 4151 ubi
450 4101 549 4150 doctus
564 4101 628 4162 eris,
645 4101 783 4164 reliquum
798 4106 840 4150 est
854 4103 925 4151 bene
937 4101 1032 4153 vivere
1048 4115 1128 4152 cures

340 4189 502 4252 Ignarisque
518 4190 568 4238 tibi
581 4190 691 4252 cognita
708 4189 872 4252 praecipias
995 4189 1058 4241 Jou.
1078 4191 1157 4250 Bam,

138 4293 155 4328 a
167 4277 198 4328 F.
214 4277 337 4327 Buisson
351 4277 397 4327 cit.
413 4278 443 4326 in
456 4277 575 4326 liminari
589 4278 706 4340 epistola
721 4279 802 4340 hujus
819 4278 911 4340 operis
927 4278 1001 4340 quod
1021 4279 1182 4327 inscribitur
1200 4293 1205 4326 :

139 4369 300 4427 Repertotre
316 4369 365 4414 das
381 4378 519 4426 ouvrapes
533 4368 743 4428 pedapopiuues
759 4369 798 4415 du
814 4369 942 4416 seizidmo
958 4371 1041 4417 siecle
1055 4367 1206 4430 (Lutetiae,

141 4453 424 4518 uncoonxxxvn.
1021 4433 1026 4462 '
1243 4447 1245 4452 ·
1288 4445 1289 4448 ’

1024 4547 1036 4605 1
