3284 5480
592 719 752 780 ..11-

185 858 344 930 Primum
373 857 611 948 quorumdam
640 856 861 930 eruditorum
887 856 995 930 fidem
1022 855 1202 927 infirmam

135 1002 178 1057 ac
201 984 375 1057 minutam
402 1001 482 1056 esse
508 983 698 1055 confitetur
720 1007 729 1053 :
753 983 828 1052 ‹ln
849 982 994 1064 multis,
1017 981 1088 1062 ait,
1110 986 1204 1052 artes

110 1115 244 1200 ,acque
271 1107 424 1181 eruditio
452 1107 660 1198 religionem
689 1106 806 1178 solent
834 1104 994 1177 deterere
1013 1123 1054 1176 ac
1073 1102 1205 1196 pejoris

138 1232 355 1308 conditionis
390 1233 516 1304 lacere.
550 1259 565 1296 a
596 1231 667 1304 Sed
699 1231 930 1321 quantumvis
963 1231 1126 1302 luctuosa
1158 1228 1206 1301 sit

138 1361 267 1431 horum
287 1358 532 1449 exemplorum
553 1357 690 1448 pestis,
715 1357 815 1428 nulla
833 1355 1034 1428 criminatio
1055 1356 1091 1426 in
1113 1355 1206 1426 litte·

139 1503 196 1557 ras
222 1505 263 1557 ac
286 1484 524 1557 eruditionem
555 1501 596 1555 cx
624 1501 666 1554 ea
693 1483 817 1555 inferri
846 1488 976 1573 potest.
1010 1481 1122 1572 Culpa
1152 1486 1207 1552 est

138 1610 378 1689 eruditorum,
399 1628 472 1680 non
492 1607 720 1681 eruditionis.
749 1633 764 1671 u
786 1607 879 1693 Quid
899 1612 1125 1689 mernerunt,
1147 1625 1206 1678 ex·

138 1713 289 1817 clamat,
313 1733 464 1805 miserae
483 1731 656 1823 linguae?
687 1731 757 1802 Cur
776 1732 896 1821 potins
919 1748 1000 1801 vera
1024 1736 1059 1801 et
1085 1737 1207 1802 exacta

140 1857 265 1930 Latina
285 1857 452 1928 haereses
472 1855 627 1928 adferret
647 1874 756 1945 qnam
784 1861 950 1950 corrupta
969 1861 1004 1926 et
1022 1851 1207 1944 neglecta?

140 1959 249 2070 Quasi
270 2001 343 2054 non
363 2000 489 2054 omnes
507 2000 599 2072 pene
628 1981 794 2053 haereses
822 2000 841 2052 e
867 1998 975 2070 pravo
1003 1987 1206 2050 sanctarum

140 2106 338 2179 litterarum
358 2107 541 2179 intellectu
567 2113 782 2187 nascantur,
801 2105 898 2196 quod
919 2122 1065 2177 necesse
1085 2109 1138 2176 est
1162 2103 1207 2174 iis

140 2231 344 2322 contingere
370 2232 435 2323 qui,
462 2216 603 2323 linguas
625 2250 684 2303 eas
704 2231 871 2323 ignorant
890 2230 1023 2320 quihus
1045 2228 1206 2318 Scriptu-

140 2373 201 2427 rae
221 2364 306 2427 sunt
325 2355 487 2445 proditae
507 2357 611 2447 (l).›
642 2358 754 2442 Quam
777 2355 1062 2446 ohjmgatlonem
1084 2352 1206 2443 sequi·

141 2485 200 2551 tur
218 2480 276 2551 hic
296 2480 506 2553 scholastico
526 2500 623 2553 more
643 2481 839 2552 instructus
859 2481 993 2552 Sorites
1015 2504 1023 2551 :
1047 2505 1062 2542 «ι
1082 2480 1208 2550 Utrum

142 2609 196 2676 est
218 2603 257 2674 in
281 2623 363 2677 voce
389 2605 549 2677 haeresis
577 2625 622 2676 an
651 2606 688 2675 in
718 2603 779 2677 re?
804 2605 959 2676 Stultum
982 2612 1035 2677 est
1062 2605 1099 2674 in
1127 2621 1209 2675 voce

142 2728 271 2801 dicere.
293 2730 356 2800 Est
380 2748 461 2820 ergo
487 2730 525 2800 iu
553 2748 663 2802 sensu
693 2737 726 2802 et
750 2748 799 2801 re.
827 2729 932 2820 Atqui
962 2749 1017 2802 res
1044 2736 1078 2800 et
1103 2747 1210 2800 seusa

142 2873 216 2926 non
245 2862 330 2926 sunt
353 2855 496 2946 linguae
519 2851 583 2948 (i).
606 2882 622 2919 ›
649 2857 739 2946 Ergo
765 2856 803 2925 in
826 2856 959 2946 linguis
983 2853 1109 2943 nequit
1129 2871 1209 2926 esse

143 2979 316 3052 haeresis.
339 2981 453 3052 instat
482 2981 612 3052 iterum
631 2981 736 3052 Vives
767 2989 801 3053 et
830 2980 896 3051 hoc
924 2983 1136 3070 argomento
1162 2976 1213 3046 od

144 3103 325 3175 hominem
343 3105 455 3176 utitur
477 3129 485 3175 :
514 3131 529 3168 ‹
551 3105 649 3177 hicet
668 3104 832 3194 aliquis»
855 3103 959 3174 exiis
979 3100 1210 3193 pseudo-dia-

143 3227 277 3300 lecticis
297 3234 331 3300 et
351 3228 574 3300 scholasticis
596 3227 658 3318 qui
674 3227 862 3300 Aristotele
878 3234 913 3300 et
925 3226 1076 3298 Averroe
1093 3226 1209 3297 solum

143 3351 348 3445 gaudebant
377 3377 385 3423 :
419 3353 626 3425 ‹Haeresis
653 3361 708 3425 est
738 3353 783 3424 iis
813 3351 930 3426 sensis
957 3368 1048 3442 quae
1077 3349 1210 3440 linguis

80 3491 86 3506 ·
144 3483 230 3550 sunt
243 3477 384 3549 tradita.
401 3480 490 3570 Age,
509 3498 662 3569 quorum
682 3477 892 3551 auctorum?
909 3477 1209 3567 Philosophorum

145 3602 209 3693 qui
223 3602 398 3693 theologis
419 3603 625 3676 christianis
645 3603 799 3675 maxime
820 3602 1008 3694 periculosi
1032 3599 1141 3673 sunt?
1156 3601 1210 3672 An

146 3733 326 3798 oratorum
354 3732 388 3799 et
414 3735 599 3819 poetarum
629 3730 690 3818 qui
717 3728 864 3824 omnino
890 3726 1073 3798 doctrinae
1100 3726 1211 3797 chris-

146 3851 264 3923 tianae
284 3853 443 3924 extranei
464 3852 575 3924 sunt‘l
595 3855 647 3924 Tu
666 3873 769 3935 vero,
797 3853 860 3943 qui
885 3870 941 3922 me
960 3851 1054 3922 nolis
1075 3850 1211 3921 Cicero·
1293 3870 1295 3874 ’

146 3994 229 4048 nem
263 3982 298 4049 et
328 3977 516 4070 Virgilium
555 3978 696 4068 legere,
730 3977 955 4049 Aristotelem
994 3974 1209 4058 Averroem,

146 4101 382 4194 Porphyrium
405 4108 510 4174 noctu
531 4102 666 4194 diuque
685 4102 831 4175 evolvis.
850 4128 864 4165 r
885 4103 974 4192 llrgo
991 4101 1045 4172 vel
1062 4098 1213 4170 haereti·

179 4411 212 4476 (l)
226 4416 264 4460 De
281 4413 388 4471 causis,
404 4411 451 4464 lib.
467 4411 506 4472 11,
523 4427 548 4475 p.
565 4413 603 4464 89.

179 4499 213 4564 (Ι)
227 4506 265 4550 Dc
281 4503 389 4561 causis,
405 4500 452 4550 lib.
468 4500 503 4560 ΙΙ,
518 4516 544 4564 p.
560 4501 597 4552 90.
