3284 5480
583 595 743 658 ..25-

127 730 290 822 genitore
302 731 404 815 orba,
420 730 582 822 genitrici
597 749 619 803 a
635 731 795 824 paternis
810 731 1019 824 parentibus
1034 732 1195 806 eommit·

128 857 218 930 titur
236 874 278 929 ea
297 857 502 930 conditione
522 856 619 930 utin
639 857 762 930 schola
789 857 936 932 assidua
961 877 1042 932 esse
1065 859 1192 950 jubea-

33 975 34 980 ‘
127 987 210 1064 tur,
233 988 268 1054 et
286 979 389 1054 libris
412 980 638 1054 scholaribus
658 982 858 1054 instruatur
877 982 946 1072 (l).

179 1107 272 1177 liaeo
314 1124 381 1197 pro¹
419 1105 571 1196 plebeiis
611 1105 755 1198 puellis.
794 1105 941 1180 Nobiles
977 1125 1059 1180 vero
1096 1105 1194 1180 domi

128 1230 244 1312 multa
264 1229 502 1316 donabantur,
524 1229 661 1304 soilioet
679 1230 855 1304 elementa
874 1231 1018 1322 liuguae
1039 1231 1193 1324 latinae,

127 1353 257 1445 gallica
275 1361 461 1445 poemata,
489 1354 649 1446 aliquam
676 1355 870 1437 historias,
896 1355 1053 1429 musicae
1079 1361 1116 1428 et
1138 1374 1195 1428 as·

128 1479 300 1570 trologiae
320 1479 506 1563 notitiam,
528 1480 681 1571 pauoula
700 1480 806 1552 etiam
827 1479 1027 1553 medicinas
1053 1485 1093 1552 ut
1113 1499 1195 1572 pos·

130 1609 211 1674 sent
245 1603 452 1675 vulneribus
480 1603 641 1694 equitum
670 1602 847 1676 nobilium
880 1621 900 1676 e
925 1603 1114 1676 venatione
1133 1610 1196 1676 aut

129 1727 265 1818 praelio
285 1727 512 1801 redeuntium
531 1727 666 1800 mederi
688 1725 753 1822 (2).

179 1851 376 1924 Fatendum
397 1859 451 1924 est
470 1852 617 1942 quidem
633 1853 679 1924 iis
694 1852 917 1943 temporibus
933 1851 1050 1943 quinti
1065 1850 1195 1925 deeimi

128 1976 282 2059 saeculi,
311 1994 390 2048 oum
419 1982 528 2049 totam
563 1976 698 2049 Galliae
726 1976 851 2049 laoiem
879 1981 1077 2049 vastaverat
1103 1974 1195 2049 illud

128 2107 271 2174 eentum
291 2119 469 2173 annorum
484 2101 634 2182 bellum,
653 2102 794 2192 puellas
808 2100 1039 2174 scholastioas
1055 2100 1195 2193 paucio·

129 2244 187 2298 res
207 2224 332 2307 inisse,
351 2233 385 2298 et
404 2225 524 2297 oblata
542 2225 744 2297 scholarum
765 2225 867 2316 eopia
886 2243 959 2297 non
978 2243 1063 2297 usos
1083 2225 1195 2298 inisse

127 2356 310 2440 parentes.
334 2348 516 2421 christina
540 2350 635 2422 enim
657 2350 819 2440 queritur
841 2349 1028 2422 mulierem
1054 2349 1192 2422 doomm

127 2493 209 2546 raro
229 2473 396 2556 inveniri,
417 2473 489 2546 nisi
505 2474 543 2544 in
564 2475 669 2566 regiis
689 2481 751 2546 ant
770 2475 807 2545 in
826 2474 1064 2547 nobilissimis
1084 2474 1195 2547 domi·

126 2598 212 2671 bus.
230 2600 363 2670 Forsan
383 2605 627 2689 quoquotuno
640 2598 763 2689 opinio
784 2598 982 2670 invaluerat
996 2598 1193 2671 doulriuam

127 2722 182 2795 nil
202 2722 372 2814 prodesse
392 2721 522 2813 puellis
541 2723 728 2795 autetiam
748 2721 944 2814 plurimum
961 2741 1102 2796 nouere.

179 2848 302 2937 ltaque
330 2846 457 2930 Vives,
489 2846 691 2919 christinae
724 2853 934 2938 argumenta
964 2854 1129 2938 repetens
1160 2855 1195 2921 et

127 2971 201 3044 alia
232 2971 409 3052 aderens,
446 2971 635 3049 ostendere
669 2969 853 3043 oorrtendit
885 2970 1038 3044 feminas
1073 2972 1194 3046 doctas

127 3078 310 3171 immerito
332 3104 516 3189 suspectas
537 3095 675 3179 haberi,
697 3102 804 3186 atque
824 3114 885 3168 eas
904 3114 923 3168 e
945 3097 1096 3170 seientia
1114 3099 1195 3170 nul·

129 3223 205 3294 lum
225 3222 500 3304 detrimontum,
523 3220 587 3292 sed
606 3220 726 3311 potius
748 3239 894 3311 magnas
917 3221 1088 3294 utilitates
1106 3220 1195 3293 eooi-

128 3365 227 3438 pere.
251 3345 375 3418 Debile
401 3363 488 3418 sane
514 3352 569 3417 est
593 3351 628 3418 et
654 3344 701 3416 ad
728 3345 814 3416 vitia
838 3344 991 3436 proclive
1010 3345 1193 3435 ingenium

129 3470 329 3553 muliebre;
359 3488 440 3561 ergo
470 3495 488 3534 ‹
512 3469 712 3560 sapientiae
739 3469 886 3540 monitis
915 3468 1074 3540 luluitum
1104 3467 1188 3538 sit»

129 3600 288 3687 oportet;
310 3593 533 3676 inconstans,
556 3593 645 3676 leve,
668 3591 800 3664 mobile
819 3599 900 3666 ast:
922 3571 1084 3674 seientia,
1104 3591 1195 3663 siout

159 3833 194 3898 (l)
208 3833 250 3883 De
265 3832 463 3895 nesurepaira,
478 3834 661 3892 Recberobae,
682 3836 756 3881 elo:
779 3847 791 3877 u
812 3831 865 3880 Les
887 3834 999 3894 parents
1022 3835 1050 3880 ot
1071 3831 1139 3880 amis
1161 3831 1195 3879 do

129 3923 237 3972 Marion
252 3921 388 3980 Boucher‚
405 3921 451 3984 qui
466 3921 543 3970 vient
558 3921 592 3969 de
608 3920 706 3982 perdre
721 3933 772 3969 son
788 3917 862 3982 pere,
875 3920 902 3967 lo
917 3919 1030 3968 baillent
1046 3917 1061 3966 h
1076 3933 1106 3968 sa
1120 3917 1194 3967 mdre

129 4017 157 4061 et
171 4011 188 4061 'a
202 4025 254 4061 son
270 4015 378 4071 luteur,
397 4011 413 4058 d
427 4011 539 4074 garder,
555 4009 666 4059 nourrir
684 4014 711 4058 et
727 4021 883 4072 gouverner
897 4008 1019 4071 pendant
1044 4008 1111 4056 trois
1131 4019 1194 4065 ans,

129 4101 252 4166 pendant
265 4101 357 4164 lequel
371 4105 459 4163 temps
476 4101 509 4149 ils
524 4103 619 4148 seront
634 4098 739 4161 obliges
754 4100 781 4148 la
796 4098 868 4147 tenir
881 4097 896 4147 a
909 4097 1005 4147 l‘dcole
1020 4101 1048 4146 et
1061 4097 1101 4145 lui
1116 4101 1194 4145 trou-

128 4205 178 4243 ver
192 4193 276 4241 livres
290 4190 306 4240 d
321 4203 352 4240 ee
367 4189 548 4240 neeessaires.
565 4205 577 4236 n
594 4188 648 4240 dit.
664 4188 737 4258 apud
753 4187 926 4252 manauere,
942 4189 1193 4254 u'lrnaev'poemeul

128 4283 268 4341 primaire
283 4282 369 4329 auant
384 4283 453 4332 1789.

38 4377 42 4384 ’
160 4369 197 4436 (2)
209 4367 354 4428 Jourdain,
370 4381 414 4439 op.
432 4369 479 4424 cit,
