<?xml version="1.0" encoding="UTF-8"?>
<!DOCTYPE html PUBLIC "-//W3C//DTD XHTML 1.0 Transitional//EN"
    "http://www.w3.org/TR/xhtml1/DTD/xhtml1-transitional.dtd">
<html xmlns="http://www.w3.org/1999/xhtml" xml:lang="en" lang="en">
 <head>
  <title>
</title>
<meta http-equiv="Content-Type" content="text/html;charset=utf-8" />
  <meta name='ocr-system' content='tesseract 3.04.00' />
  <meta name='ocr-capabilities' content='ocr_page ocr_carea ocr_par ocr_line ocrx_word'/>
</head>
<body>
  <div class='ocr_page' id='page_1' title='image "./quiddepuerisins00arnagoog_0101.png"; bbox 0 0 3284 5480; ppageno 0'>
   <div class='ocr_carea' id='block_1_1' title="bbox 0 809 1214 3521">
    <p class='ocr_par' dir='ltr' id='par_1_1' title="bbox 0 809 1214 3521">
     <span class='ocr_line' id='line_1_1' title="bbox 7 809 1212 905; baseline -0.005 -19"><span class='ocrx_word' id='word_1_1' title='bbox 7 819 26 878; x_wconf 81' lang='lat' dir='ltr'>t</span> <span class='ocrx_word' id='word_1_2' title='bbox 138 813 301 886; x_wconf 89' lang='lat' dir='ltr'>dendam</span> <span class='ocrx_word' id='word_1_3' title='bbox 324 814 559 905; x_wconf 77' lang='lat' dir='ltr'>praeceperit,</span> <span class='ocrx_word' id='word_1_4' title='bbox 580 822 653 887; x_wconf 92' lang='lat' dir='ltr'>tum</span> <span class='ocrx_word' id='word_1_5' title='bbox 675 815 711 885; x_wconf 93' lang='lat' dir='ltr'>in</span> <span class='ocrx_word' id='word_1_6' title='bbox 742 813 874 905; x_wconf 91' lang='lat' dir='ltr'>duplici</span> <span class='ocrx_word' id='word_1_7' title='bbox 896 813 988 885; x_wconf 85' lang='lat' dir='ltr'>libro</span> <span class='ocrx_word' id='word_1_8' title='bbox 1007 811 1062 882; x_wconf 84' lang='lat' dir='ltr'>Dc</span> <span class='ocrx_word' id='word_1_9' title='bbox 1084 809 1212 883; x_wconf 73' lang='lat' dir='ltr'>uanas</span> 
     </span>
     <span class='ocr_line' id='line_1_2' title="bbox 136 937 1211 1032; baseline -0.001 -23.1"><span class='ocrx_word' id='word_1_10' title='bbox 136 945 405 1032; x_wconf 81' lang='lat' dir='ltr'>corruptorum</span> <span class='ocrx_word' id='word_1_11' title='bbox 425 938 561 1008; x_wconf 75' lang='lat' dir='ltr'>ortium</span> <span class='ocrx_word' id='word_1_12' title='bbox 581 946 616 1012; x_wconf 88' lang='lat' dir='ltr'>et</span> <span class='ocrx_word' id='word_1_13' title='bbox 634 938 689 1009; x_wconf 86' lang='lat' dir='ltr'>De</span> <span class='ocrx_word' id='word_1_14' title='bbox 714 937 910 1008; x_wconf 79' lang='lat' dir='ltr'>Trodeadis</span> <span class='ocrx_word' id='word_1_15' title='bbox 929 937 1152 1030; x_wconf 70' lang='lat' dir='ltr'>disciplinis,</span> <span class='ocrx_word' id='word_1_16' title='bbox 1173 937 1211 1008; x_wconf 91' lang='lat' dir='ltr'>in</span> 
     </span>
     <span class='ocr_line' id='line_1_3' title="bbox 9 1061 1213 1155; baseline 0.002 -23"><span class='ocrx_word' id='word_1_17' title='bbox 9 1065 22 1132; x_wconf 81' lang='lat' dir='ltr'>r</span> <span class='ocrx_word' id='word_1_18' title='bbox 136 1083 219 1154; x_wconf 85' lang='lat' dir='ltr'>quo</span> <span class='ocrx_word' id='word_1_19' title='bbox 231 1070 344 1135; x_wconf 93' lang='lat' dir='ltr'>totum</span> <span class='ocrx_word' id='word_1_20' title='bbox 357 1064 479 1136; x_wconf 85' lang='lat' dir='ltr'>orbem</span> <span class='ocrx_word' id='word_1_21' title='bbox 496 1065 727 1138; x_wconf 89' lang='lat' dir='ltr'>scientiarum</span> <span class='ocrx_word' id='word_1_22' title='bbox 737 1065 922 1155; x_wconf 87' lang='lat' dir='ltr'>percurrit,</span> <span class='ocrx_word' id='word_1_23' title='bbox 934 1070 1009 1135; x_wconf 93' lang='lat' dir='ltr'>tum</span> <span class='ocrx_word' id='word_1_24' title='bbox 1024 1061 1213 1154; x_wconf 81' lang='lat' dir='ltr'>praecipue</span> 
     </span>
     <span class='ocr_line' id='line_1_4' title="bbox 1 1187 1210 1279; baseline -0.001 -22"><span class='ocrx_word' id='word_1_25' title='bbox 1 1212 23 1259; x_wconf 74' lang='lat' dir='ltr'>n·</span> <span class='ocrx_word' id='word_1_26' title='bbox 136 1189 178 1258; x_wconf 90' lang='lat' dir='ltr'>in</span> <span class='ocrx_word' id='word_1_27' title='bbox 203 1187 266 1259; x_wconf 92' lang='lat' dir='ltr'>illo</span> <span class='ocrx_word' id='word_1_28' title='bbox 285 1190 347 1279; x_wconf 86' lang='lat' dir='ltr'>qui</span> <span class='ocrx_word' id='word_1_29' title='bbox 368 1189 578 1261; x_wconf 88' lang='lat' dir='ltr'>inscribitur</span> <span class='ocrx_word' id='word_1_30' title='bbox 600 1189 653 1258; x_wconf 79' lang='lat' dir='ltr'>De</span> <span class='ocrx_word' id='word_1_31' title='bbox 672 1188 825 1258; x_wconf 74' lang='lat' dir='ltr'>Ratione</span> <span class='ocrx_word' id='word_1_32' title='bbox 844 1187 987 1258; x_wconf 78' lang='lat' dir='ltr'>dicendi</span> <span class='ocrx_word' id='word_1_33' title='bbox 1004 1187 1123 1259; x_wconf 88' lang='lat' dir='ltr'>videre</span> <span class='ocrx_word' id='word_1_34' title='bbox 1143 1192 1210 1257; x_wconf 92' lang='lat' dir='ltr'>cst.</span> 
     </span>
     <span class='ocr_line' id='line_1_5' title="bbox 14 1310 1214 1402; baseline -0.003 -18"><span class='ocrx_word' id='word_1_35' title='bbox 14 1336 21 1384; x_wconf 78' lang='lat' dir='ltr'>r</span> <span class='ocrx_word' id='word_1_36' title='bbox 137 1313 181 1381; x_wconf 89' lang='lat' dir='ltr'>ln</span> <span class='ocrx_word' id='word_1_37' title='bbox 208 1313 499 1402; x_wconf 89' lang='lat' dir='ltr'>hocposteriorc‚</span> <span class='ocrx_word' id='word_1_38' title='bbox 518 1310 1214 1393; x_wconf 73' lang='lat' dir='ltr'>scholasticosseculusnecnonltodol·</span> 
     </span>
     <span class='ocr_line' id='line_1_6' title="bbox 18 1433 1211 1526; baseline -0.002 -21"><span class='ocrx_word' id='word_1_39' title='bbox 18 1479 20 1487; x_wconf 70' lang='lat'>,</span> <span class='ocrx_word' id='word_1_40' title='bbox 135 1435 258 1525; x_wconf 88' lang='lat' dir='ltr'>phum</span> <span class='ocrx_word' id='word_1_41' title='bbox 273 1435 471 1526; x_wconf 76' lang='lat' dir='ltr'>Agricolam</span> <span class='ocrx_word' id='word_1_42' title='bbox 492 1436 664 1518; x_wconf 90' lang='lat' dir='ltr'>imitatus,</span> <span class='ocrx_word' id='word_1_43' title='bbox 684 1438 928 1509; x_wconf 89' lang='lat' dir='ltr'>luventionem</span> <span class='ocrx_word' id='word_1_44' title='bbox 945 1442 979 1508; x_wconf 88' lang='lat' dir='ltr'>et</span> <span class='ocrx_word' id='word_1_45' title='bbox 996 1433 1211 1525; x_wconf 87' lang='lat' dir='ltr'>Dispositio·</span> 
     </span>
     <span class='ocr_line' id='line_1_7' title="bbox 12 1556 1213 1652; baseline -0.002 -23"><span class='ocrx_word' id='word_1_46' title='bbox 12 1589 20 1640; x_wconf 57' lang='grc' dir='ltr'>ς»</span> <span class='ocrx_word' id='word_1_47' title='bbox 137 1556 1213 1652; x_wconf 78' lang='lat' dir='ltr'>nemomisit,quippequaapotiusaudialecticamquamad</span> 
     </span>
     <span class='ocr_line' id='line_1_8' title="bbox 0 1683 1214 1774; baseline 0.001 -22"><span class='ocrx_word' id='word_1_48' title='bbox 0 1723 19 1742; x_wconf 57' lang='grc' dir='ltr'>ι,</span> <span class='ocrx_word' id='word_1_49' title='bbox 138 1683 371 1754; x_wconf 83' lang='lat' dir='ltr'>Rhetoricam</span> <span class='ocrx_word' id='word_1_50' title='bbox 392 1685 608 1774; x_wconf 89' lang='lat' dir='ltr'>pertineant,</span> <span class='ocrx_word' id='word_1_51' title='bbox 627 1693 661 1758; x_wconf 90' lang='lat' dir='ltr'>et</span> <span class='ocrx_word' id='word_1_52' title='bbox 681 1686 928 1757; x_wconf 88' lang='lat' dir='ltr'>tantummodo</span> <span class='ocrx_word' id='word_1_53' title='bbox 946 1685 990 1756; x_wconf 93' lang='lat' dir='ltr'>de</span> <span class='ocrx_word' id='word_1_54' title='bbox 1005 1683 1214 1756; x_wconf 87' lang='lat' dir='ltr'>Elocutiono</span> 
     </span>
     <span class='ocr_line' id='line_1_9' title="bbox 0 1789 1213 1900; baseline -0.006 -16"><span class='ocrx_word' id='word_1_55' title='bbox 0 1877 2 1884; x_wconf 81' lang='grc'>,</span> <span class='ocrx_word' id='word_1_56' title='bbox 136 1814 284 1879; x_wconf 89' lang='lat' dir='ltr'>tractat.</span> <span class='ocrx_word' id='word_1_57' title='bbox 305 1789 482 1890; x_wconf 88' lang='lat' dir='ltr'>Primum,</span> <span class='ocrx_word' id='word_1_58' title='bbox 504 1811 626 1892; x_wconf 87' lang='lat' dir='ltr'>verba,</span> <span class='ocrx_word' id='word_1_59' title='bbox 651 1812 912 1900; x_wconf 82' lang='lat' dir='ltr'>verborumque</span> <span class='ocrx_word' id='word_1_60' title='bbox 929 1811 1076 1900; x_wconf 81' lang='lat' dir='ltr'>Figuras</span> <span class='ocrx_word' id='word_1_61' title='bbox 1096 1807 1213 1878; x_wconf 93' lang='lat' dir='ltr'>consi-</span> 
     </span>
     <span class='ocr_line' id='line_1_10' title="bbox 0 1932 1210 2026; baseline 0 -22"><span class='ocrx_word' id='word_1_62' title='bbox 0 1983 17 2000; x_wconf 43' lang='lat' dir='ltr'>l.</span> <span class='ocrx_word' id='word_1_63' title='bbox 136 1932 266 2013; x_wconf 88' lang='lat' dir='ltr'>derat,</span> <span class='ocrx_word' id='word_1_64' title='bbox 296 1974 343 1984; x_wconf 92' lang='lat'>-</span> <span class='ocrx_word' id='word_1_65' title='bbox 374 1933 504 2007; x_wconf 91' lang='lat' dir='ltr'>deinde</span> <span class='ocrx_word' id='word_1_66' title='bbox 538 1963 552 2000; x_wconf 73' lang='lat' dir='ltr'>i</span> <span class='ocrx_word' id='word_1_67' title='bbox 588 1936 710 2009; x_wconf 91' lang='lat' dir='ltr'>stilum</span> <span class='ocrx_word' id='word_1_68' title='bbox 744 1963 758 2001; x_wconf 68' lang='grc' dir='ltr'><strong>ι</strong></span> <span class='ocrx_word' id='word_1_69' title='bbox 797 1955 902 2026; x_wconf 89' lang='lat' dir='ltr'>quem</span> <span class='ocrx_word' id='word_1_70' title='bbox 941 1934 1109 2014; x_wconf 81' lang='lat' dir='ltr'>ridicule,</span> <span class='ocrx_word' id='word_1_71' title='bbox 1140 1932 1210 2018; x_wconf 91' lang='lat' dir='ltr'>ait,</span> 
     </span>
     <span class='ocr_line' id='line_1_11' title="bbox 136 2057 1209 2152; baseline 0.002 -24"><span class='ocrx_word' id='word_1_72' title='bbox 136 2057 324 2129; x_wconf 86' lang='lat' dir='ltr'>Rhetorici</span> <span class='ocrx_word' id='word_1_73' title='bbox 351 2057 505 2131; x_wconf 88' lang='lat' dir='ltr'>divisere</span> <span class='ocrx_word' id='word_1_74' title='bbox 528 2061 566 2130; x_wconf 93' lang='lat' dir='ltr'>in</span> <span class='ocrx_word' id='word_1_75' title='bbox 587 2061 716 2151; x_wconf 80' lang='lat' dir='ltr'>triplex</span> <span class='ocrx_word' id='word_1_76' title='bbox 736 2079 866 2152; x_wconf 82' lang='lat' dir='ltr'>genus,</span> <span class='ocrx_word' id='word_1_77' title='bbox 888 2059 1040 2151; x_wconf 73' lang='lat' dir='ltr'>simplex</span> <span class='ocrx_word' id='word_1_78' title='bbox 1058 2059 1209 2142; x_wconf 89' lang='lat' dir='ltr'>scilicet,</span> 
     </span>
     <span class='ocr_line' id='line_1_12' title="bbox 134 2181 1213 2276; baseline 0.005 -27"><span class='ocrx_word' id='word_1_79' title='bbox 134 2187 386 2272; x_wconf 78' lang='lat' dir='ltr'>lencperotooc</span> <span class='ocrx_word' id='word_1_80' title='bbox 402 2202 443 2254; x_wconf 90' lang='lat' dir='ltr'>ac</span> <span class='ocrx_word' id='word_1_81' title='bbox 462 2181 705 2276; x_wconf 75' lang='lat' dir='ltr'>mopoificom</span> <span class='ocrx_word' id='word_1_82' title='bbox 725 2186 778 2256; x_wconf 88' lang='lat' dir='ltr'>vel</span> <span class='ocrx_word' id='word_1_83' title='bbox 798 2183 956 2266; x_wconf 76' lang='lat' dir='ltr'>sublime,</span> <span class='ocrx_word' id='word_1_84' title='bbox 974 2203 1053 2256; x_wconf 89' lang='lat' dir='ltr'>cum</span> <span class='ocrx_word' id='word_1_85' title='bbox 1071 2183 1213 2255; x_wconf 86' lang='lat' dir='ltr'>dicendi</span> 
     </span>
     <span class='ocr_line' id='line_1_13' title="bbox 134 2306 1213 2402; baseline 0.004 -24"><span class='ocrx_word' id='word_1_86' title='bbox 134 2306 291 2378; x_wconf 92' lang='lat' dir='ltr'>unicum</span> <span class='ocrx_word' id='word_1_87' title='bbox 311 2306 358 2378; x_wconf 91' lang='lat' dir='ltr'>sit</span> <span class='ocrx_word' id='word_1_88' title='bbox 376 2327 489 2399; x_wconf 83' lang='lat' dir='ltr'>genus</span> <span class='ocrx_word' id='word_1_89' title='bbox 508 2311 642 2383; x_wconf 89' lang='lat' dir='ltr'>scilicet</span> <span class='ocrx_word' id='word_1_90' title='bbox 659 2311 875 2383; x_wconf 84' lang='lat' dir='ltr'>conveniens</span> <span class='ocrx_word' id='word_1_91' title='bbox 896 2317 930 2383; x_wconf 96' lang='lat' dir='ltr'>et</span> <span class='ocrx_word' id='word_1_92' title='bbox 948 2329 1158 2402; x_wconf 83' lang='lat' dir='ltr'>congruum,</span> <span class='ocrx_word' id='word_1_93' title='bbox 1177 2317 1213 2382; x_wconf 92' lang='lat' dir='ltr'>et</span> 
     </span>
     <span class='ocr_line' id='line_1_14' title="bbox 136 2431 1206 2526; baseline -0.007 -22"><span class='ocrx_word' id='word_1_94' title='bbox 136 2450 224 2504; x_wconf 90' lang='lat' dir='ltr'>cum</span> <span class='ocrx_word' id='word_1_95' title='bbox 254 2431 341 2503; x_wconf 90' lang='lat' dir='ltr'>haec</span> <span class='ocrx_word' id='word_1_96' title='bbox 368 2435 445 2504; x_wconf 90' lang='lat' dir='ltr'>sola</span> <span class='ocrx_word' id='word_1_97' title='bbox 471 2433 590 2506; x_wconf 90' lang='lat' dir='ltr'>danda</span> <span class='ocrx_word' id='word_1_98' title='bbox 618 2435 664 2507; x_wconf 95' lang='lat' dir='ltr'>sit</span> <span class='ocrx_word' id='word_1_99' title='bbox 690 2436 745 2506; x_wconf 84' lang='lat' dir='ltr'>lex</span> <span class='ocrx_word' id='word_1_100' title='bbox 774 2442 814 2507; x_wconf 93' lang='lat' dir='ltr'>ut</span> <span class='ocrx_word' id='word_1_101' title='bbox 841 2435 992 2526; x_wconf 86' lang='lat' dir='ltr'>perlecto</span> <span class='ocrx_word' id='word_1_102' title='bbox 1018 2461 1033 2499; x_wconf 68' lang='lat' dir='ltr'>a</span> <span class='ocrx_word' id='word_1_103' title='bbox 1060 2435 1206 2506; x_wconf 78' lang='lat' dir='ltr'>stilus»</span> 
     </span>
     <span class='ocr_line' id='line_1_15' title="bbox 135 2557 1211 2650; baseline -0.001 -22"><span class='ocrx_word' id='word_1_104' title='bbox 135 2559 432 2630; x_wconf 83' lang='lat' dir='ltr'>accommodetur</span> <span class='ocrx_word' id='word_1_105' title='bbox 446 2565 522 2630; x_wconf 93' lang='lat' dir='ltr'>tum</span> <span class='ocrx_word' id='word_1_106' title='bbox 540 2557 586 2630; x_wconf 90' lang='lat' dir='ltr'>od</span> <span class='ocrx_word' id='word_1_107' title='bbox 604 2577 659 2631; x_wconf 89' lang='lat' dir='ltr'>res</span> <span class='ocrx_word' id='word_1_108' title='bbox 676 2566 856 2645; x_wconf 71' lang='lat' dir='ltr'>tractatas</span> <span class='ocrx_word' id='word_1_109' title='bbox 869 2568 944 2632; x_wconf 91' lang='lat' dir='ltr'>tum</span> <span class='ocrx_word' id='word_1_110' title='bbox 962 2559 1007 2630; x_wconf 92' lang='lat' dir='ltr'>ad</span> <span class='ocrx_word' id='word_1_111' title='bbox 1022 2576 1211 2650; x_wconf 87' lang='lat' dir='ltr'>personam</span> 
     </span>
     <span class='ocr_line' id='line_1_16' title="bbox 136 2681 1212 2766; baseline -0.002 -12"><span class='ocrx_word' id='word_1_112' title='bbox 136 2681 313 2764; x_wconf 88' lang='lat' dir='ltr'>dicentis,</span> <span class='ocrx_word' id='word_1_113' title='bbox 330 2688 405 2753; x_wconf 92' lang='lat' dir='ltr'>tum</span> <span class='ocrx_word' id='word_1_114' title='bbox 425 2681 471 2753; x_wconf 92' lang='lat' dir='ltr'>ad</span> <span class='ocrx_word' id='word_1_115' title='bbox 490 2681 630 2754; x_wconf 90' lang='lat' dir='ltr'>animos</span> <span class='ocrx_word' id='word_1_116' title='bbox 652 2683 890 2766; x_wconf 91' lang='lat' dir='ltr'>audientium,</span> <span class='ocrx_word' id='word_1_117' title='bbox 909 2690 992 2764; x_wconf 92' lang='lat' dir='ltr'>etc.;</span> <span class='ocrx_word' id='word_1_118' title='bbox 1007 2683 1212 2754; x_wconf 91' lang='lat' dir='ltr'>—demum</span> 
     </span>
     <span class='ocr_line' id='line_1_17' title="bbox 136 2807 1208 2899; baseline -0.002 -19"><span class='ocrx_word' id='word_1_119' title='bbox 136 2809 247 2880; x_wconf 90' lang='lat' dir='ltr'>docet</span> <span class='ocrx_word' id='word_1_120' title='bbox 263 2807 396 2879; x_wconf 82' lang='lat' dir='ltr'>formas</span> <span class='ocrx_word' id='word_1_121' title='bbox 413 2807 572 2880; x_wconf 89' lang='lat' dir='ltr'>diversas</span> <span class='ocrx_word' id='word_1_122' title='bbox 589 2810 775 2891; x_wconf 87' lang='lat' dir='ltr'>orationis,</span> <span class='ocrx_word' id='word_1_123' title='bbox 795 2809 832 2880; x_wconf 93' lang='lat' dir='ltr'>id</span> <span class='ocrx_word' id='word_1_124' title='bbox 848 2817 902 2881; x_wconf 91' lang='lat' dir='ltr'>est</span> <span class='ocrx_word' id='word_1_125' title='bbox 917 2809 1208 2899; x_wconf 85' lang='lat' dir='ltr'>descriptionem,</span> 
     </span>
     <span class='ocr_line' id='line_1_18' title="bbox 137 2929 1210 3024; baseline -0.001 -19"><span class='ocrx_word' id='word_1_126' title='bbox 137 2929 404 3014; x_wconf 90' lang='lat' dir='ltr'>narrationem,</span> <span class='ocrx_word' id='word_1_127' title='bbox 426 2941 508 3014; x_wconf 84' lang='lat' dir='ltr'>etc..</span> <span class='ocrx_word' id='word_1_128' title='bbox 526 2941 608 3022; x_wconf 82' lang='lat' dir='ltr'>etc„</span> <span class='ocrx_word' id='word_1_129' title='bbox 625 2942 660 3006; x_wconf 90' lang='lat' dir='ltr'>et</span> <span class='ocrx_word' id='word_1_130' title='bbox 680 2952 770 3024; x_wconf 77' lang='lat' dir='ltr'>«per</span> <span class='ocrx_word' id='word_1_131' title='bbox 785 2933 1006 3006; x_wconf 86' lang='lat' dir='ltr'>occasionem</span> <span class='ocrx_word' id='word_1_132' title='bbox 1025 2939 1059 3004; x_wconf 91' lang='lat' dir='ltr'>et</span> <span class='ocrx_word' id='word_1_133' title='bbox 1076 2933 1210 3023; x_wconf 81' lang='lat' dir='ltr'>digres-</span> 
     </span>
     <span class='ocr_line' id='line_1_19' title="bbox 137 3056 1210 3146; baseline -0.004 -16"><span class='ocrx_word' id='word_1_134' title='bbox 137 3059 248 3130; x_wconf 89' lang='lat' dir='ltr'>sione</span> <span class='ocrx_word' id='word_1_135' title='bbox 269 3057 423 3146; x_wconf 86' lang='lat' dir='ltr'>quadam</span> <span class='ocrx_word' id='word_1_136' title='bbox 443 3084 458 3121; x_wconf 71' lang='grc' dir='ltr'><strong><em>ι</em></strong></span> <span class='ocrx_word' id='word_1_137' title='bbox 483 3058 690 3138; x_wconf 88' lang='lat' dir='ltr'>Historiam,</span> <span class='ocrx_word' id='word_1_138' title='bbox 709 3058 894 3139; x_wconf 85' lang='lat' dir='ltr'>Fabulam,</span> <span class='ocrx_word' id='word_1_139' title='bbox 912 3056 1050 3129; x_wconf 88' lang='lat' dir='ltr'>Poesim</span> <span class='ocrx_word' id='word_1_140' title='bbox 1070 3057 1109 3127; x_wconf 94' lang='lat' dir='ltr'>in</span> <span class='ocrx_word' id='word_1_141' title='bbox 1131 3057 1210 3146; x_wconf 83' lang='lat' dir='ltr'>qui-</span> 
     </span>
     <span class='ocr_line' id='line_1_20' title="bbox 136 3181 1211 3273; baseline -0.005 -17"><span class='ocrx_word' id='word_1_142' title='bbox 136 3185 213 3256; x_wconf 85' lang='lat' dir='ltr'>bus</span> <span class='ocrx_word' id='word_1_143' title='bbox 240 3183 397 3272; x_wconf 87' lang='lat' dir='ltr'>amplam</span> <span class='ocrx_word' id='word_1_144' title='bbox 425 3182 669 3273; x_wconf 83' lang='lat' dir='ltr'>exemplorum</span> <span class='ocrx_word' id='word_1_145' title='bbox 698 3189 732 3254; x_wconf 93' lang='lat' dir='ltr'>et</span> <span class='ocrx_word' id='word_1_146' title='bbox 756 3189 1046 3273; x_wconf 82' lang='lat' dir='ltr'>argumentorum</span> <span class='ocrx_word' id='word_1_147' title='bbox 1073 3181 1211 3272; x_wconf 92' lang='lat' dir='ltr'>copiam</span> 
     </span>
     <span class='ocr_line' id='line_1_21' title="bbox 137 3304 532 3400; baseline -0.005 -20"><span class='ocrx_word' id='word_1_148' title='bbox 137 3315 266 3392; x_wconf 75' lang='lat' dir='ltr'>orator</span> <span class='ocrx_word' id='word_1_149' title='bbox 285 3306 445 3380; x_wconf 87' lang='lat' dir='ltr'>inveniat</span> <span class='ocrx_word' id='word_1_150' title='bbox 468 3304 532 3400; x_wconf 87' lang='lat' dir='ltr'>(l).</span> 
     </span>
     <span class='ocr_line' id='line_1_22' title="bbox 193 3429 1212 3521; baseline -0.003 -18"><span class='ocrx_word' id='word_1_151' title='bbox 193 3432 369 3521; x_wconf 82' lang='lat' dir='ltr'>Pleraque</span> <span class='ocrx_word' id='word_1_152' title='bbox 402 3431 440 3501; x_wconf 94' lang='lat' dir='ltr'>in</span> <span class='ocrx_word' id='word_1_153' title='bbox 475 3432 541 3504; x_wconf 91' lang='lat' dir='ltr'>hac</span> <span class='ocrx_word' id='word_1_154' title='bbox 572 3431 617 3503; x_wconf 90' lang='lat' dir='ltr'>de</span> <span class='ocrx_word' id='word_1_155' title='bbox 643 3429 797 3501; x_wconf 77' lang='lat' dir='ltr'>Dicendi</span> <span class='ocrx_word' id='word_1_156' title='bbox 821 3429 974 3500; x_wconf 79' lang='lat' dir='ltr'>Ratione</span> <span class='ocrx_word' id='word_1_157' title='bbox 1002 3437 1037 3502; x_wconf 89' lang='lat' dir='ltr'>et</span> <span class='ocrx_word' id='word_1_158' title='bbox 1068 3429 1106 3500; x_wconf 91' lang='lat' dir='ltr'>in</span> <span class='ocrx_word' id='word_1_159' title='bbox 1137 3436 1212 3502; x_wconf 91' lang='lat' dir='ltr'>tota</span> 
     </span>
    </p>
   </div>
   <div class='ocr_carea' id='block_1_2' title="bbox 136 3657 1333 4518">
    <p class='ocr_par' dir='ltr' id='par_1_2' title="bbox 136 3657 1333 4518">
     <span class='ocr_line' id='line_1_23' title="bbox 170 3657 1211 3724; baseline -0.004 -14"><span class='ocrx_word' id='word_1_160' title='bbox 170 3661 208 3724; x_wconf 85' lang='lat' dir='ltr'>(l)</span> <span class='ocrx_word' id='word_1_161' title='bbox 226 3659 280 3708; x_wconf 89' lang='lat' dir='ltr'>Hic</span> <span class='ocrx_word' id='word_1_162' title='bbox 294 3659 364 3708; x_wconf 87' lang='lat' dir='ltr'>liber</span> <span class='ocrx_word' id='word_1_163' title='bbox 376 3659 517 3708; x_wconf 90' lang='lat' dir='ltr'>nonnullis</span> <span class='ocrx_word' id='word_1_164' title='bbox 533 3659 609 3708; x_wconf 89' lang='lat' dir='ltr'>visus</span> <span class='ocrx_word' id='word_1_165' title='bbox 623 3659 774 3707; x_wconf 85' lang='lat' dir='ltr'>fuitmulta</span> <span class='ocrx_word' id='word_1_166' title='bbox 789 3657 940 3720; x_wconf 83' lang='lat' dir='ltr'>prolixiora</span> <span class='ocrx_word' id='word_1_167' title='bbox 955 3660 982 3706; x_wconf 89' lang='lat' dir='ltr'>ot</span> <span class='ocrx_word' id='word_1_168' title='bbox 996 3657 1139 3706; x_wconf 88' lang='lat' dir='ltr'>incondita</span> <span class='ocrx_word' id='word_1_169' title='bbox 1149 3672 1211 3706; x_wconf 92' lang='lat' dir='ltr'>con·</span> 
     </span>
     <span class='ocr_line' id='line_1_24' title="bbox 136 3745 1333 3810; baseline -0.005 -10"><span class='ocrx_word' id='word_1_170' title='bbox 136 3753 243 3801; x_wconf 85' lang='lat' dir='ltr'>linere.</span> <span class='ocrx_word' id='word_1_171' title='bbox 270 3749 334 3798; x_wconf 91' lang='lat' dir='ltr'>Non</span> <span class='ocrx_word' id='word_1_172' title='bbox 360 3748 488 3810; x_wconf 87' lang='lat' dir='ltr'>equidem</span> <span class='ocrx_word' id='word_1_173' title='bbox 513 3747 563 3796; x_wconf 87' lang='lat' dir='ltr'>hac</span> <span class='ocrx_word' id='word_1_174' title='bbox 587 3747 673 3796; x_wconf 85' lang='lat' dir='ltr'>densa</span> <span class='ocrx_word' id='word_1_175' title='bbox 697 3747 832 3796; x_wconf 86' lang='lat' dir='ltr'>brevitate</span> <span class='ocrx_word' id='word_1_176' title='bbox 857 3761 889 3794; x_wconf 88' lang='lat' dir='ltr'>ac</span> <span class='ocrx_word' id='word_1_177' title='bbox 917 3746 1010 3794; x_wconf 89' lang='lat' dir='ltr'>lucida</span> <span class='ocrx_word' id='word_1_178' title='bbox 1036 3745 1212 3809; x_wconf 88' lang='lat' dir='ltr'>simplicitate</span> <span class='ocrx_word' id='word_1_179' title='bbox 1330 3799 1333 3802; x_wconf 58' lang='grc'>,</span> 
     </span>
     <span class='ocr_line' id='line_1_25' title="bbox 138 3835 1210 3902; baseline -0.005 -15"><span class='ocrx_word' id='word_1_180' title='bbox 138 3841 268 3902; x_wconf 83' lang='lat' dir='ltr'>praestat</span> <span class='ocrx_word' id='word_1_181' title='bbox 283 3851 365 3898; x_wconf 90' lang='lat' dir='ltr'>quam</span> <span class='ocrx_word' id='word_1_182' title='bbox 378 3851 452 3884; x_wconf 89' lang='lat' dir='ltr'>nunc</span> <span class='ocrx_word' id='word_1_183' title='bbox 467 3836 592 3884; x_wconf 88' lang='lat' dir='ltr'>invenire</span> <span class='ocrx_word' id='word_1_184' title='bbox 605 3836 726 3884; x_wconf 89' lang='lat' dir='ltr'>solemus</span> <span class='ocrx_word' id='word_1_185' title='bbox 740 3836 770 3882; x_wconf 89' lang='lat' dir='ltr'>in</span> <span class='ocrx_word' id='word_1_186' title='bbox 784 3835 862 3883; x_wconf 89' lang='lat' dir='ltr'>libris</span> <span class='ocrx_word' id='word_1_187' title='bbox 875 3835 909 3882; x_wconf 89' lang='lat' dir='ltr'>ad</span> <span class='ocrx_word' id='word_1_188' title='bbox 924 3849 1006 3884; x_wconf 91' lang='lat' dir='ltr'>usum</span> <span class='ocrx_word' id='word_1_189' title='bbox 1021 3836 1210 3889; x_wconf 85' lang='lat' dir='ltr'>alumnorum:</span> 
     </span>
     <span class='ocr_line' id='line_1_26' title="bbox 137 3923 1212 3997; baseline -0.003 -21"><span class='ocrx_word' id='word_1_190' title='bbox 137 3926 213 3976; x_wconf 89' lang='lat' dir='ltr'>nihil</span> <span class='ocrx_word' id='word_1_191' title='bbox 228 3923 304 3972; x_wconf 87' lang='lat' dir='ltr'>aliud</span> <span class='ocrx_word' id='word_1_192' title='bbox 320 3937 381 3997; x_wconf 84' lang='lat' dir='ltr'>osse</span> <span class='ocrx_word' id='word_1_193' title='bbox 396 3923 507 3973; x_wconf 87' lang='lat' dir='ltr'>videtur</span> <span class='ocrx_word' id='word_1_194' title='bbox 522 3925 576 3973; x_wconf 91' lang='lat' dir='ltr'>nisi</span> <span class='ocrx_word' id='word_1_195' title='bbox 592 3925 792 3988; x_wconf 87' lang='lat' dir='ltr'>praelectiones</span> <span class='ocrx_word' id='word_1_196' title='bbox 813 3924 940 3987; x_wconf 83' lang='lat' dir='ltr'>publicae</span> <span class='ocrx_word' id='word_1_197' title='bbox 957 3938 1026 3986; x_wconf 87' lang='lat' dir='ltr'>quas</span> <span class='ocrx_word' id='word_1_198' title='bbox 1044 3929 1141 3973; x_wconf 86' lang='lat' dir='ltr'>auctor</span> <span class='ocrx_word' id='word_1_199' title='bbox 1156 3924 1212 3974; x_wconf 89' lang='lat' dir='ltr'>Lo·</span> 
     </span>
     <span class='ocr_line' id='line_1_27' title="bbox 136 4012 1211 4077; baseline -0.006 -11"><span class='ocrx_word' id='word_1_200' title='bbox 136 4014 219 4066; x_wconf 91' lang='lat' dir='ltr'>vanii</span> <span class='ocrx_word' id='word_1_201' title='bbox 235 4013 384 4071; x_wconf 88' lang='lat' dir='ltr'>habuerat,</span> <span class='ocrx_word' id='word_1_202' title='bbox 402 4016 429 4060; x_wconf 87' lang='lat' dir='ltr'>el</span> <span class='ocrx_word' id='word_1_203' title='bbox 447 4026 518 4075; x_wconf 87' lang='lat' dir='ltr'>quae</span> <span class='ocrx_word' id='word_1_204' title='bbox 533 4014 585 4061; x_wconf 88' lang='lat' dir='ltr'>hoc</span> <span class='ocrx_word' id='word_1_205' title='bbox 605 4012 716 4061; x_wconf 88' lang='lat' dir='ltr'>dicendi</span> <span class='ocrx_word' id='word_1_206' title='bbox 734 4013 866 4061; x_wconf 84' lang='lat' dir='ltr'>diffusum</span> <span class='ocrx_word' id='word_1_207' title='bbox 881 4027 983 4075; x_wconf 84' lang='lat' dir='ltr'>genus,</span> <span class='ocrx_word' id='word_1_208' title='bbox 1002 4014 1073 4069; x_wconf 61' lang='lat' dir='ltr'>lunc</span> <span class='ocrx_word' id='word_1_209' title='bbox 1089 4014 1211 4077; x_wconf 88' lang='lat' dir='ltr'>copiam,</span> 
     </span>
     <span class='ocr_line' id='line_1_28' title="bbox 137 4102 1209 4165; baseline -0.003 -12"><span class='ocrx_word' id='word_1_210' title='bbox 137 4105 194 4153; x_wconf 92' lang='lat' dir='ltr'>hos</span> <span class='ocrx_word' id='word_1_211' title='bbox 220 4114 382 4150; x_wconf 88' lang='lat' dir='ltr'>communes</span> <span class='ocrx_word' id='word_1_212' title='bbox 405 4103 482 4150; x_wconf 89' lang='lat' dir='ltr'>locos</span> <span class='ocrx_word' id='word_1_213' title='bbox 500 4103 600 4164; x_wconf 87' lang='lat' dir='ltr'>quibus</span> <span class='ocrx_word' id='word_1_214' title='bbox 618 4102 763 4164; x_wconf 88' lang='lat' dir='ltr'>indulgere</span> <span class='ocrx_word' id='word_1_215' title='bbox 784 4103 874 4150; x_wconf 86' lang='lat' dir='ltr'>solent</span> <span class='ocrx_word' id='word_1_216' title='bbox 897 4107 1036 4160; x_wconf 83' lang='lat' dir='ltr'>oratores,</span> <span class='ocrx_word' id='word_1_217' title='bbox 1058 4103 1209 4165; x_wconf 88' lang='lat' dir='ltr'>patiuntur.</span> 
     </span>
     <span class='ocr_line' id='line_1_29' title="bbox 137 4187 1213 4252; baseline -0.004 -12"><span class='ocrx_word' id='word_1_218' title='bbox 137 4191 272 4252; x_wconf 86' lang='lat' dir='ltr'>Anguste</span> <span class='ocrx_word' id='word_1_219' title='bbox 288 4191 315 4235; x_wconf 89' lang='lat' dir='ltr'>et</span> <span class='ocrx_word' id='word_1_220' title='bbox 327 4189 421 4249; x_wconf 86' lang='lat' dir='ltr'>jejune</span> <span class='ocrx_word' id='word_1_221' title='bbox 437 4187 546 4236; x_wconf 86' lang='lat' dir='ltr'>dicebat</span> <span class='ocrx_word' id='word_1_222' title='bbox 563 4187 706 4247; x_wconf 84' lang='lat' dir='ltr'>Fichetus,</span> <span class='ocrx_word' id='word_1_223' title='bbox 724 4201 769 4236; x_wconf 86' lang='lat' dir='ltr'>res</span> <span class='ocrx_word' id='word_1_224' title='bbox 785 4188 894 4250; x_wconf 90' lang='lat' dir='ltr'>plonius</span> <span class='ocrx_word' id='word_1_225' title='bbox 910 4193 937 4237; x_wconf 90' lang='lat' dir='ltr'>ot</span> <span class='ocrx_word' id='word_1_226' title='bbox 951 4189 1066 4237; x_wconf 89' lang='lat' dir='ltr'>uberius</span> <span class='ocrx_word' id='word_1_227' title='bbox 1082 4188 1213 4236; x_wconf 84' lang='lat' dir='ltr'>diffundit</span> 
     </span>
     <span class='ocr_line' id='line_1_30' title="bbox 137 4275 1212 4336; baseline -0.003 -8"><span class='ocrx_word' id='word_1_228' title='bbox 137 4279 244 4336; x_wconf 79' lang='lat' dir='ltr'>ViveS‚</span> <span class='ocrx_word' id='word_1_229' title='bbox 261 4275 383 4325; x_wconf 87' lang='lat' dir='ltr'>sednon</span> <span class='ocrx_word' id='word_1_230' title='bbox 402 4276 559 4325; x_wconf 87' lang='lat' dir='ltr'>inordinato</span> <span class='ocrx_word' id='word_1_231' title='bbox 579 4281 683 4334; x_wconf 85' lang='lat' dir='ltr'>tamen,</span> <span class='ocrx_word' id='word_1_232' title='bbox 705 4280 732 4325; x_wconf 89' lang='lat' dir='ltr'>et</span> <span class='ocrx_word' id='word_1_233' title='bbox 754 4276 806 4325; x_wconf 90' lang='lat' dir='ltr'>hoc</span> <span class='ocrx_word' id='word_1_234' title='bbox 829 4291 897 4325; x_wconf 88' lang='lat' dir='ltr'>usus</span> <span class='ocrx_word' id='word_1_235' title='bbox 918 4276 1016 4326; x_wconf 89' lang='lat' dir='ltr'>ordine</span> <span class='ocrx_word' id='word_1_236' title='bbox 1038 4277 1135 4325; x_wconf 89' lang='lat' dir='ltr'>intimo</span> <span class='ocrx_word' id='word_1_237' title='bbox 1160 4290 1212 4325; x_wconf 89' lang='lat' dir='ltr'>nec</span> 
     </span>
     <span class='ocr_line' id='line_1_31' title="bbox 138 4365 1211 4432; baseline 0.002 -16"><span class='ocrx_word' id='word_1_238' title='bbox 138 4365 314 4432; x_wconf 89' lang='lat' dir='ltr'>prominenti</span> <span class='ocrx_word' id='word_1_239' title='bbox 330 4366 377 4427; x_wconf 90' lang='lat' dir='ltr'>qui</span> <span class='ocrx_word' id='word_1_240' title='bbox 391 4365 510 4415; x_wconf 88' lang='lat' dir='ltr'>orationi</span> <span class='ocrx_word' id='word_1_241' title='bbox 526 4367 654 4430; x_wconf 81' lang='lat' dir='ltr'>congruit</span> <span class='ocrx_word' id='word_1_242' title='bbox 673 4371 721 4418; x_wconf 89' lang='lat' dir='ltr'>aut</span> <span class='ocrx_word' id='word_1_243' title='bbox 739 4368 837 4416; x_wconf 87' lang='lat' dir='ltr'>saltem</span> <span class='ocrx_word' id='word_1_244' title='bbox 852 4367 960 4417; x_wconf 89' lang='lat' dir='ltr'>sufficit.</span> <span class='ocrx_word' id='word_1_245' title='bbox 976 4393 1008 4403; x_wconf 94' lang='lat'>-</span> <span class='ocrx_word' id='word_1_246' title='bbox 1028 4365 1069 4419; x_wconf 82' lang='lat' dir='ltr'>Ol.</span> <span class='ocrx_word' id='word_1_247' title='bbox 1088 4367 1137 4416; x_wconf 77' lang='lat' dir='ltr'>Mc‘</span> <span class='ocrx_word' id='word_1_248' title='bbox 1155 4367 1211 4418; x_wconf 84' lang='lat' dir='ltr'>Ne-</span> 
     </span>
     <span class='ocr_line' id='line_1_32' title="bbox 138 4454 487 4518; baseline -0.02 -10"><span class='ocrx_word' id='word_1_249' title='bbox 138 4456 240 4508; x_wconf 75' lang='lat' dir='ltr'>mdche</span> <span class='ocrx_word' id='word_1_250' title='bbox 255 4454 410 4518; x_wconf 76' lang='lat' dir='ltr'>(Memoirc,</span> <span class='ocrx_word' id='word_1_251' title='bbox 426 4454 487 4516; x_wconf 80' lang='lat' dir='ltr'>alc.)</span> 
     </span>
    </p>
   </div>
   <div class='ocr_carea' id='block_1_3' title="bbox 0 0 1647 5480">
    <p class='ocr_par' dir='ltr' id='par_1_3' title="bbox 0 0 1647 5480">
     <span class='ocr_line' id='line_1_33' title="bbox 0 0 1647 5480; baseline 0 0"><span class='ocrx_word' id='word_1_252' title='bbox 0 0 1647 5480; x_wconf 95' lang='lat' dir='ltr'> </span> 
     </span>
    </p>
   </div>
  </div>
 </body>
</html>
