<?xml version="1.0" encoding="UTF-8"?>
<!DOCTYPE html PUBLIC "-//W3C//DTD XHTML 1.0 Transitional//EN"
    "http://www.w3.org/TR/xhtml1/DTD/xhtml1-transitional.dtd">
<html xmlns="http://www.w3.org/1999/xhtml" xml:lang="en" lang="en">
 <head>
  <title>
</title>
<meta http-equiv="Content-Type" content="text/html;charset=utf-8" />
  <meta name='ocr-system' content='tesseract 3.04.00' />
  <meta name='ocr-capabilities' content='ocr_page ocr_carea ocr_par ocr_line ocrx_word'/>
</head>
<body>
  <div class='ocr_page' id='page_1' title='image "./quiddepuerisins00arnagoog_0088.png"; bbox 0 0 3284 5480; ppageno 0'>
   <div class='ocr_carea' id='block_1_1' title="bbox 408 816 1480 1779">
    <p class='ocr_par' dir='ltr' id='par_1_1' title="bbox 408 816 1480 1779">
     <span class='ocr_line' id='line_1_1' title="bbox 408 816 1480 912; baseline 0.004 -23"><span class='ocrx_word' id='word_1_1' title='bbox 408 816 548 908; x_wconf 81' lang='lat' dir='ltr'><strong>aliquid</strong></span> <span class='ocrx_word' id='word_1_2' title='bbox 568 836 710 909; x_wconf 80' lang='lat' dir='ltr'><strong>semper</strong></span> <span class='ocrx_word' id='word_1_3' title='bbox 728 819 827 909; x_wconf 85' lang='lat' dir='ltr'><strong>quod</strong></span> <span class='ocrx_word' id='word_1_4' title='bbox 846 837 925 891; x_wconf 91' lang='lat' dir='ltr'><strong>cum</strong></span> <span class='ocrx_word' id='word_1_5' title='bbox 947 819 1186 892; x_wconf 83' lang='lat' dir='ltr'>admiratione</span> <span class='ocrx_word' id='word_1_6' title='bbox 1206 820 1401 912; x_wconf 81' lang='lat' dir='ltr'><strong>speculeris</strong></span> <span class='ocrx_word' id='word_1_7' title='bbox 1421 838 1480 893; x_wconf 92' lang='lat' dir='ltr'><strong>os·</strong></span> 
     </span>
     <span class='ocr_line' id='line_1_2' title="bbox 409 940 1480 1038; baseline 0.002 -23"><span class='ocrx_word' id='word_1_8' title='bbox 409 940 523 1015; x_wconf 88' lang='lat' dir='ltr'><strong>tendit</strong></span> <span class='ocrx_word' id='word_1_9' title='bbox 544 941 639 1013; x_wconf 94' lang='lat' dir='ltr'><strong>unde</strong></span> <span class='ocrx_word' id='word_1_10' title='bbox 659 941 812 1014; x_wconf 83' lang='lat' dir='ltr'><strong>eruditio</strong></span> <span class='ocrx_word' id='word_1_11' title='bbox 833 943 1008 1015; x_wconf 81' lang='lat' dir='ltr'><strong>increscat</strong></span> <span class='ocrx_word' id='word_1_12' title='bbox 1023 940 1087 1038; x_wconf 90' lang='lat' dir='ltr'><strong>(l).</strong></span> <span class='ocrx_word' id='word_1_13' title='bbox 1101 971 1116 1008; x_wconf 83' lang='lat'><strong>›</strong></span> <span class='ocrx_word' id='word_1_14' title='bbox 1132 946 1203 1017; x_wconf 92' lang='lat' dir='ltr'><strong>Nec</strong></span> <span class='ocrx_word' id='word_1_15' title='bbox 1215 945 1318 1024; x_wconf 82' lang='lat' dir='ltr'><strong>Boeo,</strong></span> <span class='ocrx_word' id='word_1_16' title='bbox 1333 961 1399 1016; x_wconf 89' lang='lat' dir='ltr'><strong>nec</strong></span> <span class='ocrx_word' id='word_1_17' title='bbox 1416 943 1480 1017; x_wconf 91' lang='lat' dir='ltr'><strong>ille</strong></span> 
     </span>
     <span class='ocr_line' id='line_1_3' title="bbox 408 1065 1473 1159; baseline 0 -25"><span class='ocrx_word' id='word_1_18' title='bbox 408 1066 528 1138; x_wconf 87' lang='lat' dir='ltr'><strong>Newto</strong></span> <span class='ocrx_word' id='word_1_19' title='bbox 543 1067 604 1156; x_wconf 87' lang='lat' dir='ltr'><strong>qui</strong></span> <span class='ocrx_word' id='word_1_20' title='bbox 622 1065 715 1139; x_wconf 91' lang='lat' dir='ltr'><strong>inter</strong></span> <span class='ocrx_word' id='word_1_21' title='bbox 729 1067 1034 1139; x_wconf 90' lang='lat' dir='ltr'><strong>deambulandum</strong></span> <span class='ocrx_word' id='word_1_22' title='bbox 1054 1068 1164 1159; x_wconf 82' lang='lat' dir='ltr'><strong>legem</strong></span> <span class='ocrx_word' id='word_1_23' title='bbox 1187 1069 1440 1142; x_wconf 81' lang='lat' dir='ltr'><strong>«attractionis</strong></span> <span class='ocrx_word' id='word_1_24' title='bbox 1457 1096 1473 1134; x_wconf 73' lang='grc' dir='ltr'><strong>ι</strong></span> 
     </span>
     <span class='ocr_line' id='line_1_4' title="bbox 408 1190 1478 1272; baseline 0.005 -12"><span class='ocrx_word' id='word_1_25' title='bbox 408 1190 620 1262; x_wconf 85' lang='lat' dir='ltr'><strong>inventurus</strong></span> <span class='ocrx_word' id='word_1_26' title='bbox 637 1200 725 1272; x_wconf 89' lang='lat' dir='ltr'><strong>erat,</strong></span> <span class='ocrx_word' id='word_1_27' title='bbox 741 1194 844 1265; x_wconf 89' lang='lat' dir='ltr'><strong>aliter</strong></span> <span class='ocrx_word' id='word_1_28' title='bbox 860 1193 1029 1265; x_wconf 90' lang='lat' dir='ltr'><strong>sentient.</strong></span> <span class='ocrx_word' id='word_1_29' title='bbox 1044 1193 1114 1265; x_wconf 90' lang='lat' dir='ltr'><strong>Sed</strong></span> <span class='ocrx_word' id='word_1_30' title='bbox 1132 1193 1220 1264; x_wconf 88' lang='lat' dir='ltr'><strong>baec</strong></span> <span class='ocrx_word' id='word_1_31' title='bbox 1234 1193 1340 1264; x_wconf 86' lang='lat' dir='ltr'><strong>rerba</strong></span> <span class='ocrx_word' id='word_1_32' title='bbox 1355 1193 1478 1265; x_wconf 92' lang='lat' dir='ltr'><strong>miuus</strong></span> 
     </span>
     <span class='ocr_line' id='line_1_5' title="bbox 409 1314 1478 1408; baseline 0.004 -23"><span class='ocrx_word' id='word_1_33' title='bbox 409 1314 557 1388; x_wconf 89' lang='lat' dir='ltr'><strong>ieliciter</strong></span> <span class='ocrx_word' id='word_1_34' title='bbox 586 1314 687 1388; x_wconf 88' lang='lat' dir='ltr'><strong>addit</strong></span> <span class='ocrx_word' id='word_1_35' title='bbox 709 1317 814 1390; x_wconf 87' lang='lat' dir='ltr'><strong>Vires</strong></span> <span class='ocrx_word' id='word_1_36' title='bbox 843 1341 850 1403; x_wconf 86' lang='lat'>;</span> <span class='ocrx_word' id='word_1_37' title='bbox 883 1318 963 1387; x_wconf 86' lang='lat' dir='ltr'><strong>‹ln</strong></span> <span class='ocrx_word' id='word_1_38' title='bbox 995 1325 1144 1389; x_wconf 87' lang='lat' dir='ltr'><strong>naturae</strong></span> <span class='ocrx_word' id='word_1_39' title='bbox 1175 1318 1478 1408; x_wconf 84' lang='lat' dir='ltr'><strong>contemplatione</strong></span> 
     </span>
     <span class='ocr_line' id='line_1_6' title="bbox 409 1439 1478 1534; baseline -0.002 -24"><span class='ocrx_word' id='word_1_40' title='bbox 409 1441 563 1532; x_wconf 87' lang='lat' dir='ltr'><strong>primum</strong></span> <span class='ocrx_word' id='word_1_41' title='bbox 586 1441 634 1512; x_wconf 86' lang='lat' dir='ltr'><strong>sit</strong></span> <span class='ocrx_word' id='word_1_42' title='bbox 652 1450 894 1533; x_wconf 83' lang='lat' dir='ltr'><strong>praeceptum,</strong></span> <span class='ocrx_word' id='word_1_43' title='bbox 913 1449 964 1522; x_wconf 85' lang='lat' dir='ltr'><strong>ul,</strong></span> <span class='ocrx_word' id='word_1_44' title='bbox 986 1440 1270 1534; x_wconf 79' lang='lat' dir='ltr'><strong>quandoquidem</strong></span> <span class='ocrx_word' id='word_1_45' title='bbox 1291 1439 1478 1511; x_wconf 81' lang='lat' dir='ltr'><strong>scientium</strong></span> 
     </span>
     <span class='ocr_line' id='line_1_7' title="bbox 408 1563 1476 1658; baseline 0.003 -25"><span class='ocrx_word' id='word_1_46' title='bbox 408 1585 455 1634; x_wconf 78' lang='lat' dir='ltr'><strong>em</strong></span> <span class='ocrx_word' id='word_1_47' title='bbox 472 1563 526 1632; x_wconf 74' lang='lat' dir='ltr'><strong>tis</strong></span> <span class='ocrx_word' id='word_1_48' title='bbox 542 1585 682 1656; x_wconf 82' lang='lat' dir='ltr'><strong>parcre</strong></span> <span class='ocrx_word' id='word_1_49' title='bbox 700 1564 837 1634; x_wconf 76' lang='lat' dir='ltr'><strong>nullom</strong></span> <span class='ocrx_word' id='word_1_50' title='bbox 845 1587 1044 1658; x_wconf 81' lang='lat' dir='ltr'><strong>possumus,</strong></span> <span class='ocrx_word' id='word_1_51' title='bbox 1062 1584 1107 1638; x_wconf 87' lang='grc'><strong>66</strong></span> <span class='ocrx_word' id='word_1_52' title='bbox 1123 1567 1276 1637; x_wconf 86' lang='lat' dir='ltr'><strong>nimium</strong></span> <span class='ocrx_word' id='word_1_53' title='bbox 1291 1565 1476 1656; x_wconf 81' lang='lat' dir='ltr'><strong>indulgea-</strong></span> 
     </span>
     <span class='ocr_line' id='line_1_8' title="bbox 410 1687 1476 1779; baseline -0.001 -20"><span class='ocrx_word' id='word_1_54' title='bbox 410 1707 489 1760; x_wconf 87' lang='lat' dir='ltr'><strong>mus</strong></span> <span class='ocrx_word' id='word_1_55' title='bbox 510 1688 615 1760; x_wconf 93' lang='lat' dir='ltr'><strong>nobis</strong></span> <span class='ocrx_word' id='word_1_56' title='bbox 634 1689 678 1760; x_wconf 90' lang='lat' dir='ltr'><strong>iis</strong></span> <span class='ocrx_word' id='word_1_57' title='bbox 699 1689 903 1761; x_wconf 85' lang='lat' dir='ltr'><strong>scrutandis</strong></span> <span class='ocrx_word' id='word_1_58' title='bbox 923 1697 958 1761; x_wconf 92' lang='lat' dir='ltr'><strong>et</strong></span> <span class='ocrx_word' id='word_1_59' title='bbox 977 1687 1210 1779; x_wconf 79' lang='lat' dir='ltr'><strong>exquirendis</strong></span> <span class='ocrx_word' id='word_1_60' title='bbox 1225 1688 1271 1762; x_wconf 92' lang='lat' dir='ltr'><strong>ad</strong></span> <span class='ocrx_word' id='word_1_61' title='bbox 1290 1706 1381 1779; x_wconf 80' lang='grc'><strong>61666</strong></span> <span class='ocrx_word' id='word_1_62' title='bbox 1403 1706 1476 1759; x_wconf 93' lang='lat' dir='ltr'><strong>non</strong></span> 
     </span>
    </p>
   </div>
   <div class='ocr_carea' id='block_1_2' title="bbox 409 1812 1604 1904">
    <p class='ocr_par' dir='ltr' id='par_1_2' title="bbox 409 1812 1604 1904">
     <span class='ocr_line' id='line_1_9' title="bbox 409 1812 1604 1904; baseline -0.004 -20"><span class='ocrx_word' id='word_1_63' title='bbox 409 1814 555 1903; x_wconf 87' lang='lat' dir='ltr'><strong>quimus</strong></span> <span class='ocrx_word' id='word_1_64' title='bbox 583 1813 786 1904; x_wconf 88' lang='lat' dir='ltr'><strong>pervenire,</strong></span> <span class='ocrx_word' id='word_1_65' title='bbox 810 1814 873 1886; x_wconf 91' lang='lat' dir='ltr'><strong>sed</strong></span> <span class='ocrx_word' id='word_1_66' title='bbox 897 1812 1014 1883; x_wconf 82' lang='lat' dir='ltr'><strong>studio</strong></span> <span class='ocrx_word' id='word_1_67' title='bbox 1032 1820 1154 1882; x_wconf 82' lang='lat' dir='ltr'><strong>uestro</strong></span> <span class='ocrx_word' id='word_1_68' title='bbox 1173 1812 1295 1882; x_wconf 77' lang='lat' dir='ltr'><strong>omnic</strong></span> <span class='ocrx_word' id='word_1_69' title='bbox 1314 1813 1360 1885; x_wconf 89' lang='lat' dir='ltr'><strong>ad</strong></span> <span class='ocrx_word' id='word_1_70' title='bbox 1383 1812 1477 1884; x_wconf 85' lang='lat' dir='ltr'><strong>vitae</strong></span> <span class='ocrx_word' id='word_1_71' title='bbox 1596 1869 1604 1879; x_wconf 94' lang='lat'>.</span> 
     </span>
    </p>
   </div>
   <div class='ocr_carea' id='block_1_3' title="bbox 405 1936 1508 3528">
    <p class='ocr_par' dir='ltr' id='par_1_3' title="bbox 405 1936 1508 3528">
     <span class='ocr_line' id='line_1_10' title="bbox 410 1936 1473 2030; baseline -0.003 -21"><span class='ocrx_word' id='word_1_72' title='bbox 410 1939 659 2019; x_wconf 88' lang='lat' dir='ltr'><strong>necessitates,</strong></span> <span class='ocrx_word' id='word_1_73' title='bbox 681 1937 727 2010; x_wconf 89' lang='lat' dir='ltr'><strong>ad</strong></span> <span class='ocrx_word' id='word_1_74' title='bbox 752 1957 857 2010; x_wconf 93' lang='lat' dir='ltr'><strong>usum</strong></span> <span class='ocrx_word' id='word_1_75' title='bbox 885 1939 1042 2029; x_wconf 89' lang='lat' dir='ltr'><strong>aliquem</strong></span> <span class='ocrx_word' id='word_1_76' title='bbox 1068 1938 1226 2030; x_wconf 90' lang='lat' dir='ltr'><strong>corporis</strong></span> <span class='ocrx_word' id='word_1_77' title='bbox 1253 1944 1315 2009; x_wconf 86' lang='lat' dir='ltr'><strong>aut</strong></span> <span class='ocrx_word' id='word_1_78' title='bbox 1339 1936 1473 2026; x_wconf 89' lang='lat' dir='ltr'><strong>animi,</strong></span> 
     </span>
     <span class='ocr_line' id='line_1_11' title="bbox 408 2057 1469 2155; baseline -0.002 -23"><span class='ocrx_word' id='word_1_79' title='bbox 408 2060 454 2133; x_wconf 90' lang='lat' dir='ltr'><strong>ad</strong></span> <span class='ocrx_word' id='word_1_80' title='bbox 473 2063 606 2134; x_wconf 88' lang='lat' dir='ltr'><strong>cultum</strong></span> <span class='ocrx_word' id='word_1_81' title='bbox 627 2070 662 2135; x_wconf 95' lang='lat' dir='ltr'><strong>et</strong></span> <span class='ocrx_word' id='word_1_82' title='bbox 681 2061 941 2134; x_wconf 92' lang='lat' dir='ltr'><strong>incrementum</strong></span> <span class='ocrx_word' id='word_1_83' title='bbox 963 2063 1105 2152; x_wconf 91' lang='lat' dir='ltr'><strong>pietatis</strong></span> <span class='ocrx_word' id='word_1_84' title='bbox 1124 2061 1348 2134; x_wconf 85' lang='lat' dir='ltr'><strong>conteramus</strong></span> <span class='ocrx_word' id='word_1_85' title='bbox 1370 2057 1434 2155; x_wconf 73' lang='lat' dir='ltr'><strong>(t).</strong></span> <span class='ocrx_word' id='word_1_86' title='bbox 1455 2087 1469 2124; x_wconf 75' lang='grc' dir='ltr'><strong>ι</strong></span> 
     </span>
     <span class='ocr_line' id='line_1_12' title="bbox 409 2186 1473 2279; baseline -0.001 -21"><span class='ocrx_word' id='word_1_87' title='bbox 409 2189 451 2258; x_wconf 87' lang='lat' dir='ltr'><strong>Et</strong></span> <span class='ocrx_word' id='word_1_88' title='bbox 478 2189 627 2278; x_wconf 91' lang='lat' dir='ltr'><strong>insuper</strong></span> <span class='ocrx_word' id='word_1_89' title='bbox 656 2186 792 2259; x_wconf 88' lang='lat' dir='ltr'><strong>addit:</strong></span> <span class='ocrx_word' id='word_1_90' title='bbox 823 2188 1128 2279; x_wconf 82' lang='lat' dir='ltr'><strong>«Contemplatio</strong></span> <span class='ocrx_word' id='word_1_91' title='bbox 1158 2205 1275 2260; x_wconf 91' lang='lat' dir='ltr'><strong>rerum</strong></span> <span class='ocrx_word' id='word_1_92' title='bbox 1306 2193 1473 2268; x_wconf 85' lang='lat' dir='ltr'><strong>naturae,</strong></span> 
     </span>
     <span class='ocr_line' id='line_1_13' title="bbox 408 2311 1476 2385; baseline 0 -2"><span class='ocrx_word' id='word_1_93' title='bbox 408 2311 478 2384; x_wconf 91' lang='lat' dir='ltr'><strong>nisi</strong></span> <span class='ocrx_word' id='word_1_94' title='bbox 498 2311 637 2385; x_wconf 89' lang='lat' dir='ltr'><strong>actibus</strong></span> <span class='ocrx_word' id='word_1_95' title='bbox 654 2311 746 2384; x_wconf 86' lang='lat' dir='ltr'><strong>vitae</strong></span> <span class='ocrx_word' id='word_1_96' title='bbox 766 2311 937 2384; x_wconf 85' lang='lat' dir='ltr'><strong>inserviet</strong></span> <span class='ocrx_word' id='word_1_97' title='bbox 950 2319 1012 2383; x_wconf 89' lang='grc'><strong>666</strong></span> <span class='ocrx_word' id='word_1_98' title='bbox 1029 2313 1195 2384; x_wconf 87' lang='grc'><strong>666666666</strong></span> <span class='ocrx_word' id='word_1_99' title='bbox 1211 2331 1278 2384; x_wconf 86' lang='grc'><strong>666</strong></span> <span class='ocrx_word' id='word_1_100' title='bbox 1294 2311 1331 2382; x_wconf 94' lang='grc'><strong>66</strong></span> <span class='ocrx_word' id='word_1_101' title='bbox 1347 2312 1476 2383; x_wconf 75' lang='lat' dir='ltr'><strong>duoto-</strong></span> 
     </span>
     <span class='ocr_line' id='line_1_14' title="bbox 408 2436 1476 2528; baseline 0.002 -22"><span class='ocrx_word' id='word_1_102' title='bbox 408 2437 458 2507; x_wconf 93' lang='lat' dir='ltr'><strong>ris</strong></span> <span class='ocrx_word' id='word_1_103' title='bbox 483 2436 646 2508; x_wconf 90' lang='lat' dir='ltr'><strong>notitiam</strong></span> <span class='ocrx_word' id='word_1_104' title='bbox 666 2443 701 2508; x_wconf 90' lang='lat' dir='ltr'><strong>et</strong></span> <span class='ocrx_word' id='word_1_105' title='bbox 720 2454 891 2519; x_wconf 89' lang='lat' dir='ltr'><strong>amorem,</strong></span> <span class='ocrx_word' id='word_1_106' title='bbox 915 2437 1097 2528; x_wconf 88' lang='lat' dir='ltr'><strong>superllua</strong></span> <span class='ocrx_word' id='word_1_107' title='bbox 1121 2444 1175 2510; x_wconf 91' lang='lat' dir='ltr'><strong>est</strong></span> <span class='ocrx_word' id='word_1_108' title='bbox 1198 2455 1239 2508; x_wconf 89' lang='lat' dir='ltr'><strong>ao</strong></span> <span class='ocrx_word' id='word_1_109' title='bbox 1262 2438 1476 2527; x_wconf 85' lang='lat' dir='ltr'><strong>plerumque</strong></span> 
     </span>
     <span class='ocr_line' id='line_1_15' title="bbox 408 2561 1476 2634; baseline 0.001 -2"><span class='ocrx_word' id='word_1_110' title='bbox 408 2561 529 2632; x_wconf 85' lang='lat' dir='ltr'><strong>noxia.</strong></span> <span class='ocrx_word' id='word_1_111' title='bbox 560 2588 575 2625; x_wconf 83' lang='lat'>›</span> <span class='ocrx_word' id='word_1_112' title='bbox 609 2561 723 2633; x_wconf 89' lang='lat' dir='ltr'><strong>Viden</strong></span> <span class='ocrx_word' id='word_1_113' title='bbox 754 2562 912 2633; x_wconf 91' lang='lat' dir='ltr'><strong>bominis</strong></span> <span class='ocrx_word' id='word_1_114' title='bbox 941 2563 1048 2634; x_wconf 89' lang='lat' dir='ltr'><strong>etiam</strong></span> <span class='ocrx_word' id='word_1_115' title='bbox 1082 2562 1204 2634; x_wconf 80' lang='lat' dir='ltr'><strong>eximii</strong></span> <span class='ocrx_word' id='word_1_116' title='bbox 1234 2562 1412 2634; x_wconf 87' lang='lat' dir='ltr'><strong>levitatem</strong></span> <span class='ocrx_word' id='word_1_117' title='bbox 1439 2568 1476 2634; x_wconf 90' lang='lat' dir='ltr'><strong>et</strong></span> 
     </span>
     <span class='ocr_line' id='line_1_16' title="bbox 407 2685 1472 2777; baseline -0.002 -19"><span class='ocrx_word' id='word_1_118' title='bbox 407 2685 712 2758; x_wconf 83' lang='lat' dir='ltr'><strong>inconstantiam?</strong></span> <span class='ocrx_word' id='word_1_119' title='bbox 743 2689 821 2757; x_wconf 85' lang='lat' dir='ltr'><strong>lem</strong></span> <span class='ocrx_word' id='word_1_120' title='bbox 860 2687 1057 2777; x_wconf 90' lang='lat' dir='ltr'><strong>praesentit</strong></span> <span class='ocrx_word' id='word_1_121' title='bbox 1090 2687 1263 2777; x_wconf 89' lang='lat' dir='ltr'><strong>optimam</strong></span> <span class='ocrx_word' id='word_1_122' title='bbox 1298 2687 1472 2758; x_wconf 85' lang='lat' dir='ltr'><strong>rationem</strong></span> 
     </span>
     <span class='ocr_line' id='line_1_17' title="bbox 407 2810 1471 2901; baseline 0.001 -20"><span class='ocrx_word' id='word_1_123' title='bbox 407 2817 556 2882; x_wconf 90' lang='lat' dir='ltr'><strong>naturae</strong></span> <span class='ocrx_word' id='word_1_124' title='bbox 575 2810 842 2901; x_wconf 83' lang='lat' dir='ltr'><strong>investigandae</strong></span> <span class='ocrx_word' id='word_1_125' title='bbox 865 2829 932 2882; x_wconf 92' lang='lat' dir='ltr'><strong>usu</strong></span> <span class='ocrx_word' id='word_1_126' title='bbox 959 2817 994 2882; x_wconf 90' lang='lat' dir='ltr'><strong>et</strong></span> <span class='ocrx_word' id='word_1_127' title='bbox 1015 2811 1259 2901; x_wconf 86' lang='lat' dir='ltr'><strong>experimento</strong></span> <span class='ocrx_word' id='word_1_128' title='bbox 1283 2818 1471 2892; x_wconf 90' lang='lat' dir='ltr'><strong>constare;</strong></span> 
     </span>
     <span class='ocr_line' id='line_1_18' title="bbox 405 2933 1467 3025; baseline -0.008 -18"><span class='ocrx_word' id='word_1_129' title='bbox 405 2937 540 3007; x_wconf 90' lang='lat' dir='ltr'><strong>Novum</strong></span> <span class='ocrx_word' id='word_1_130' title='bbox 557 2936 736 3025; x_wconf 81' lang='lat' dir='ltr'><strong>Orgauum</strong></span> <span class='ocrx_word' id='word_1_131' title='bbox 757 2935 873 3025; x_wconf 89' lang='lat' dir='ltr'><strong>coepit</strong></span> <span class='ocrx_word' id='word_1_132' title='bbox 893 2934 1060 3006; x_wconf 89' lang='lat' dir='ltr'><strong>institui:</strong></span> <span class='ocrx_word' id='word_1_133' title='bbox 1083 2954 1175 3008; x_wconf 80' lang='lat' dir='ltr'><strong>«cur</strong></span> <span class='ocrx_word' id='word_1_134' title='bbox 1195 2954 1322 3008; x_wconf 88' lang='lat' dir='ltr'><strong>urceus</strong></span> <span class='ocrx_word' id='word_1_135' title='bbox 1343 2933 1467 3007; x_wconf 64' lang='lat' dir='ltr'><strong>eritis</strong></span> 
     </span>
     <span class='ocr_line' id='line_1_19' title="bbox 406 3059 1473 3152; baseline -0.002 -20"><span class='ocrx_word' id='word_1_136' title='bbox 406 3079 469 3132; x_wconf 89' lang='lat' dir='ltr'><strong>cur</strong></span> <span class='ocrx_word' id='word_1_137' title='bbox 489 3059 683 3152; x_wconf 84' lang='lat' dir='ltr'><strong>Pyrrhonis</strong></span> <span class='ocrx_word' id='word_1_138' title='bbox 703 3060 865 3132; x_wconf 89' lang='lat' dir='ltr'><strong>doctrina</strong></span> <span class='ocrx_word' id='word_1_139' title='bbox 884 3079 957 3131; x_wconf 93' lang='lat' dir='ltr'><strong>non</strong></span> <span class='ocrx_word' id='word_1_140' title='bbox 979 3061 1128 3133; x_wconf 87' lang='lat' dir='ltr'><strong>Bacenis</strong></span> <span class='ocrx_word' id='word_1_141' title='bbox 1147 3060 1215 3132; x_wconf 91' lang='lat' dir='ltr'><strong>boo</strong></span> <span class='ocrx_word' id='word_1_142' title='bbox 1234 3060 1473 3152; x_wconf 90' lang='lat' dir='ltr'><strong>praemissum</strong></span> 
     </span>
     <span class='ocr_line' id='line_1_20' title="bbox 406 3167 1508 3277; baseline 0.003 -22"><span class='ocrx_word' id='word_1_143' title='bbox 406 3185 622 3277; x_wconf 90' lang='lat' dir='ltr'><strong>principium</strong></span> <span class='ocrx_word' id='word_1_144' title='bbox 644 3185 830 3275; x_wconf 82' lang='lat' dir='ltr'><strong>sequitur?</strong></span> <span class='ocrx_word' id='word_1_145' title='bbox 1505 3167 1508 3174; x_wconf 41' lang='lat'><strong>⁴</strong></span> 
     </span>
     <span class='ocr_line' id='line_1_21' title="bbox 455 3310 1473 3402; baseline -0.002 -18"><span class='ocrx_word' id='word_1_146' title='bbox 455 3312 500 3384; x_wconf 88' lang='lat' dir='ltr'><strong>Ut</strong></span> <span class='ocrx_word' id='word_1_147' title='bbox 517 3310 595 3384; x_wconf 86' lang='lat' dir='ltr'><strong>Vivi</strong></span> <span class='ocrx_word' id='word_1_148' title='bbox 621 3311 848 3401; x_wconf 83' lang='lat' dir='ltr'><strong>ignoscamus</strong></span> <span class='ocrx_word' id='word_1_149' title='bbox 876 3311 972 3402; x_wconf 88' lang='lat' dir='ltr'><strong>quod</strong></span> <span class='ocrx_word' id='word_1_150' title='bbox 1001 3311 1151 3384; x_wconf 93' lang='lat' dir='ltr'><strong>nimium</strong></span> <span class='ocrx_word' id='word_1_151' title='bbox 1179 3319 1328 3384; x_wconf 91' lang='lat' dir='ltr'><strong>naturae</strong></span> <span class='ocrx_word' id='word_1_152' title='bbox 1353 3311 1473 3384; x_wconf 93' lang='lat' dir='ltr'><strong>studio</strong></span> 
     </span>
     <span class='ocr_line' id='line_1_22' title="bbox 407 3433 1473 3528; baseline 0.001 -21"><span class='ocrx_word' id='word_1_153' title='bbox 407 3433 547 3508; x_wconf 86' lang='lat' dir='ltr'><strong>diffisus</strong></span> <span class='ocrx_word' id='word_1_154' title='bbox 564 3436 623 3516; x_wconf 92' lang='lat' dir='ltr'><strong>sit,</strong></span> <span class='ocrx_word' id='word_1_155' title='bbox 636 3453 811 3508; x_wconf 92' lang='lat' dir='ltr'><strong>memores</strong></span> <span class='ocrx_word' id='word_1_156' title='bbox 827 3435 940 3508; x_wconf 88' lang='lat' dir='ltr'><strong>simus</strong></span> <span class='ocrx_word' id='word_1_157' title='bbox 957 3455 1028 3526; x_wconf 90' lang='lat' dir='ltr'><strong>qua</strong></span> <span class='ocrx_word' id='word_1_158' title='bbox 1046 3443 1160 3509; x_wconf 89' lang='lat' dir='ltr'><strong>aetate</strong></span> <span class='ocrx_word' id='word_1_159' title='bbox 1177 3436 1360 3518; x_wconf 88' lang='lat' dir='ltr'><strong>scriberet,</strong></span> <span class='ocrx_word' id='word_1_160' title='bbox 1375 3436 1473 3528; x_wconf 86' lang='lat' dir='ltr'><strong>quod</strong></span> 
     </span>
    </p>
   </div>
   <div class='ocr_carea' id='block_1_4' title="bbox 287 3558 1473 3652">
    <p class='ocr_par' dir='ltr' id='par_1_4' title="bbox 287 3558 1473 3652">
     <span class='ocr_line' id='line_1_23' title="bbox 287 3558 1473 3652; baseline 0.007 -28"><span class='ocrx_word' id='word_1_161' title='bbox 287 3619 290 3624; x_wconf 86' lang='lat'>.</span> <span class='ocrx_word' id='word_1_162' title='bbox 407 3577 497 3650; x_wconf 92' lang='lat' dir='ltr'><strong>opus</strong></span> <span class='ocrx_word' id='word_1_163' title='bbox 518 3558 587 3630; x_wconf 92' lang='lat' dir='ltr'><strong>sibi</strong></span> <span class='ocrx_word' id='word_1_164' title='bbox 607 3560 876 3650; x_wconf 87' lang='lat' dir='ltr'><strong>assumpsisset.</strong></span> <span class='ocrx_word' id='word_1_165' title='bbox 896 3560 1037 3652; x_wconf 87' lang='lat' dir='ltr'><strong>Physici</strong></span> <span class='ocrx_word' id='word_1_166' title='bbox 1054 3560 1161 3633; x_wconf 94' lang='lat' dir='ltr'><strong>medii</strong></span> <span class='ocrx_word' id='word_1_167' title='bbox 1178 3561 1254 3632; x_wconf 88' lang='lat' dir='ltr'><strong>aevi</strong></span> <span class='ocrx_word' id='word_1_168' title='bbox 1272 3559 1379 3633; x_wconf 89' lang='lat' dir='ltr'><strong>tidem</strong></span> <span class='ocrx_word' id='word_1_169' title='bbox 1400 3561 1473 3632; x_wconf 90' lang='lat' dir='ltr'><strong>iere</strong></span> 
     </span>
    </p>
   </div>
   <div class='ocr_carea' id='block_1_5' title="bbox 406 3683 1474 4150">
    <p class='ocr_par' dir='ltr' id='par_1_5' title="bbox 406 3683 1474 4150">
     <span class='ocr_line' id='line_1_24' title="bbox 406 3683 1473 3784; baseline 0.001 -29"><span class='ocrx_word' id='word_1_170' title='bbox 406 3683 1473 3784; x_wconf 82' lang='lat' dir='ltr'><strong>omnemetdignitatemPhysicaeinbrmeverant;nonnulli</strong></span> 
     </span>
     <span class='ocr_line' id='line_1_25' title="bbox 407 3808 1473 3901; baseline 0.004 -22"><span class='ocrx_word' id='word_1_171' title='bbox 407 3808 552 3898; x_wconf 90' lang='lat' dir='ltr'><strong>quidem</strong></span> <span class='ocrx_word' id='word_1_172' title='bbox 572 3809 669 3882; x_wconf 84' lang='lat' dir='ltr'><strong>Vivis</strong></span> <span class='ocrx_word' id='word_1_173' title='bbox 697 3817 856 3901; x_wconf 90' lang='lat' dir='ltr'><strong>tempore</strong></span> <span class='ocrx_word' id='word_1_174' title='bbox 875 3811 948 3900; x_wconf 85' lang='lat' dir='ltr'><strong>jam</strong></span> <span class='ocrx_word' id='word_1_175' title='bbox 979 3829 1090 3882; x_wconf 87' lang='lat' dir='ltr'><strong>novas</strong></span> <span class='ocrx_word' id='word_1_176' title='bbox 1115 3810 1257 3882; x_wconf 87' lang='lat' dir='ltr'><strong>inibant</strong></span> <span class='ocrx_word' id='word_1_177' title='bbox 1283 3810 1379 3893; x_wconf 90' lang='lat' dir='ltr'><strong>vias,</strong></span> <span class='ocrx_word' id='word_1_178' title='bbox 1408 3810 1473 3884; x_wconf 91' lang='lat' dir='ltr'><strong>sed</strong></span> 
     </span>
     <span class='ocr_line' id='line_1_26' title="bbox 406 3932 1474 4036; baseline 0.004 -32"><span class='ocrx_word' id='word_1_179' title='bbox 406 3932 567 4005; x_wconf 93' lang='lat' dir='ltr'><strong>nondum</strong></span> <span class='ocrx_word' id='word_1_180' title='bbox 594 3934 768 4009; x_wconf 86' lang='lat' dir='ltr'><strong>rationem</strong></span> <span class='ocrx_word' id='word_1_181' title='bbox 794 3935 964 4036; x_wconf 92' lang='lat' dir='ltr'><strong>omnibus</strong></span> <span class='ocrx_word' id='word_1_182' title='bbox 988 3953 1066 4006; x_wconf 92' lang='lat' dir='ltr'><strong>eam</strong></span> <span class='ocrx_word' id='word_1_183' title='bbox 1089 3933 1254 4006; x_wconf 88' lang='lat' dir='ltr'><strong>tradendi</strong></span> <span class='ocrx_word' id='word_1_184' title='bbox 1280 3933 1474 4008; x_wconf 89' lang='lat' dir='ltr'><strong>emendare</strong></span> 
     </span>
     <span class='ocr_line' id='line_1_27' title="bbox 406 4059 1470 4150; baseline 0.002 -20"><span class='ocrx_word' id='word_1_185' title='bbox 406 4066 608 4150; x_wconf 84' lang='lat' dir='ltr'><strong>potuerant.</strong></span> <span class='ocrx_word' id='word_1_186' title='bbox 630 4059 792 4150; x_wconf 80' lang='lat' dir='ltr'><strong>Physici‚</strong></span> <span class='ocrx_word' id='word_1_187' title='bbox 815 4078 906 4149; x_wconf 86' lang='lat' dir='ltr'><strong>quos</strong></span> <span class='ocrx_word' id='word_1_188' title='bbox 933 4061 968 4130; x_wconf 92' lang='lat' dir='ltr'><strong>in</strong></span> <span class='ocrx_word' id='word_1_189' title='bbox 990 4060 1123 4131; x_wconf 85' lang='lat' dir='ltr'><strong>subolis</strong></span> <span class='ocrx_word' id='word_1_190' title='bbox 1143 4059 1327 4132; x_wconf 89' lang='lat' dir='ltr'><strong>audiverat</strong></span> <span class='ocrx_word' id='word_1_191' title='bbox 1343 4060 1470 4143; x_wconf 87' lang='lat' dir='ltr'><strong>Vives,</strong></span> 
     </span>
    </p>
   </div>
   <div class='ocr_carea' id='block_1_6' title="bbox 436 4366 775 4522">
    <p class='ocr_par' dir='ltr' id='par_1_6' title="bbox 436 4366 775 4522">
     <span class='ocr_line' id='line_1_28' title="bbox 436 4366 775 4430; baseline 0.003 -12"><span class='ocrx_word' id='word_1_192' title='bbox 436 4366 471 4430; x_wconf 76' lang='lat' dir='ltr'><strong>(l)</strong></span> <span class='ocrx_word' id='word_1_193' title='bbox 486 4372 522 4417; x_wconf 85' lang='lat' dir='ltr'><strong>De</strong></span> <span class='ocrx_word' id='word_1_194' title='bbox 539 4369 706 4430; x_wconf 83' lang='lat' dir='ltr'><strong>Tradendis,</strong></span> <span class='ocrx_word' id='word_1_195' title='bbox 723 4366 775 4419; x_wconf 85' lang='lat'>350.</span> 
     </span>
     <span class='ocr_line' id='line_1_29' title="bbox 437 4456 631 4522; baseline 0 -16"><span class='ocrx_word' id='word_1_196' title='bbox 437 4457 469 4522; x_wconf 76' lang='lat'><strong>(2)</strong></span> <span class='ocrx_word' id='word_1_197' title='bbox 485 4457 565 4519; x_wconf 85' lang='lat' dir='ltr'><strong>ibid,</strong></span> <span class='ocrx_word' id='word_1_198' title='bbox 577 4456 631 4506; x_wconf 78' lang='lat'><strong>347.</strong></span> 
     </span>
    </p>
   </div>
   <div class='ocr_carea' id='block_1_7' title="bbox 0 0 1646 5480">
    <p class='ocr_par' dir='ltr' id='par_1_7' title="bbox 0 0 1646 5480">
     <span class='ocr_line' id='line_1_30' title="bbox 0 0 1646 5480; baseline 0 1"><span class='ocrx_word' id='word_1_199' title='bbox 0 0 1646 5480; x_wconf 95' lang='lat' dir='ltr'><strong> </strong></span> 
     </span>
    </p>
   </div>
  </div>
 </body>
</html>
