3284 5480
938 531 1098 594 ..90-

484 668 530 741 ad
559 669 836 742 aemulationem
864 671 967 742 mulli
994 669 1081 744 llVli
1110 669 1219 743 seculi
1247 669 1416 742 lromines
1443 671 1547 737 alten·

485 791 592 875 dere:
615 793 674 865 hic
692 793 811 876 labor,
835 794 893 867 hio
917 813 1015 867 error
1037 795 1146 886 hujus
1165 794 1292 866 aetatis
1311 793 1393 866 luit.
1417 793 1461 863 Et
1484 807 1547 880 quc

485 917 616 989 certius
635 925 670 990 et
688 917 794 991 cilius
813 919 859 992 ad
879 920 972 992 lianc
991 919 1199 992 simininam
1215 918 1448 1011 pervenirent
1462 911 1549 986 simi·

486 1041 695 1124 litudinem‚
722 1051 858 1117 veteres
885 1045 930 1118 de
959 1044 1065 1118 verbo
1094 1043 1312 1117 adverbum
1341 1039 1548 1116 transcribe·

485 1165 596 1246 baut;
623 1174 789 1259 excerpta
817 1187 837 1241 e
864 1169 1035 1243 Cicerone
1064 1177 1126 1242 aut
1152 1169 1375 1256 Quintiliane
1398 1162 1546 1256 Magistri

484 1290 667 1362 volumina
694 1292 876 1366 habehant
901 1294 998 1366 uude
1018 1292 1176 1366 alumnis
1202 1299 1297 1366 esset
1323 1290 1428 1383 copia
1452 1286 1548 1379 quid·

485 1413 573 1504 quid
593 1415 629 1486 in
653 1423 807 1490 mentem
828 1419 964 1492 veniret
983 1417 1223 1510 exprimendi.
1243 1419 1317 1490 lloe
1335 1413 1479 1489 iurandi
1499 1429 1548 1503 ge·

486 1556 554 1610 nus
585 1539 821 1614 imitationem
855 1544 1085 1635 appellabant
1114 1567 1122 1615 :
1155 1569 1170 1607 ι
1199 1545 1420 1635 decerpunt,
1448 1533 1549 1610 surri-

485 1662 611 1753 piunt,
643 1665 753 1738 immo
772 1668 903 1758 pallam
924 1669 1132 1760 compilant,
1164 1673 1210 1748 et,
1246 1673 1283 1739 ut
1310 1667 1394 1739 iurti
1422 1663 1549 1736 crimen

485 1785 670 1878 effugiant,
694 1790 827 1863 imitari
848 1801 985 1876 vocant,
1011 1799 1050 1866 ut
1074 1792 1172 1865 iures
1190 1791 1301 1864 iurari
1323 1791 1450 1864 dicunt
1465 1801 1551 1858 amo

486 1929 584 1994 vere,
606 1932 813 1988 convasare.
838 1943 853 1981 »

537 2037 598 2109 llis
614 2045 648 2112 el
663 2040 786 2112 mullis
802 2042 883 2124 aliis
900 2041 1018 2114 verbis
1034 2042 1196 2134 increpat
1211 2042 1316 2115 Vives
1332 2039 1549 2110 imitatorum

484 2181 624 2230 amorem
653 2183 780 2256 pecus,
808 2167 904 2257 quod
931 2175 1002 2240 tam
1032 2167 1150 2260 lepide
1171 2169 1245 2258 jam
1270 2166 1432 2239 irriserat
1455 2164 1548 2236 Eras-

489 2304 568 2358 mus
589 2285 644 2380 (l)
665 2295 700 2360 et
724 2289 761 2360 in
787 2290 885 2381 quod
908 2291 1068 2366 invectus
1093 2299 1169 2364 erat
1193 2292 1358 2366 Budaeus
1377 2291 1449 2381 (2).
1470 2282 1546 2357 Nul-

486 2408 561 2480 lum
599 2429 618 2485 e
651 2413 848 2488 triumviris
880 2417 967 2508 legit
1000 2445 1014 2480 ‹
1043 2435 1156 2490 novos
1194 2415 1339 2489 morbos
1371 2409 1547 2505 prioribus

487 2535 618 2607 seculis
634 2536 817 2611 inauditos
835 2537 882 2634 (5)
907 2566 922 2604 »
948 2559 989 2613 ea
1011 2547 1126 2614 aetate
1138 2541 1267 2613 litteris
1282 2540 1401 2612 illatos
1417 2535 1544 2607 luisse,

486 2667 520 2732 et
541 2660 664 2734 multis
689 2663 798 2735 studii
820 2665 968 2755 puerilis
988 2663 1281 2739 emendatoribus
1301 2658 1547 2737 emendatione

486 2782 640 2872 quadam
661 2804 752 2877 opus
773 2806 866 2861 esse.

535 2908 632 2992 Quae
659 2927 740 2982 vero
765 2911 843 3003 ipse
869 2913 973 2986 Vives
1000 2913 1046 2986 ad
1075 2933 1201 2986 sanam
1229 2911 1452 2985 Rhetoricam
1484 2910 1544 2974 tra·

484 3225 620 3285 cessisse,
644 3243 695 3278 nee
723 3231 757 3278 ad
782 3231 851 3281 hooc
875 3219 1020 3296 sequentia
1044 3238 1129 3285 verbe
1152 3237 1220 3285 satis
1242 3234 1394 3284 attendisse
1420 3227 1543 3278 videtur:

485 3331 497 3360 u
513 3314 606 3377 Turpe
622 3322 663 3366 est
679 3323 840 3369 contentum
855 3335 916 3371 esso
933 3323 960 3370 id
977 3325 1088 3386 assequi
1104 3324 1179 3386 quod
1193 3324 1319 3380 imiteris,
1332 3338 1344 3368 u
1359 3325 1385 3370 et
1400 3321 1467 3366 haec
1481 3310 1542 3361 alia:

412 3433 415 3440 .
484 3417 496 3446 u
514 3401 594 3450 Adde
610 3405 683 3466 quod
699 3406 835 3468 quidquid
846 3409 925 3457 alteri
941 3409 1030 3464 similo
1040 3416 1082 3460 est
1095 3425 1210 3462 necesse
1224 3416 1266 3462 est
1278 3411 1370 3459 minus
1383 3409 1419 3458 sit
1433 3417 1466 3454 eo
1478 3395 1544 3463 quod

483 3489 617 3538 imitetur.
635 3507 646 3538 o
663 3492 804 3555 (Quintil,
820 3497 868 3545 lib.
886 3497 924 3557 X,
941 3512 963 3546 c.
980 3500 1021 3562 ll.)
1037 3499 1075 3548 Ut
1089 3503 1170 3549 acute
1183 3501 1287 3550 dictum
1303 3491 1544 3561 vestimentumve

483 3579 561 3625 Bello
578 3580 781 3645 Ciceroniana),
796 3588 922 3634 veterum
937 3586 1029 3648 potius
1041 3588 1185 3637 simialuit
1195 3591 1242 3638 illa
1257 3593 1333 3638 aetas
1349 3599 1432 3650 quem
1446 3574 1544 3630 similis.

515 3660 550 3727 (l)
566 3666 770 3718 Ciceronianus
785 3673 844 3719 sive
867 3675 900 3720 de
916 3676 1023 3731 optimo
1038 3689 1140 3734 oenone
1156 3679 1282 3726 dicendi.
1299 3675 1370 3726 Illud
1385 3673 1544 3724 imitatorum

482 3763 582 3812 genus,
600 3766 612 3796 u
632 3755 715 3804 unius
730 3757 872 3805 addictum
887 3760 981 3820 jurare
1001 3761 1030 3808 in
1051 3765 1136 3812 verba
1157 3764 1298 3827 Magistri,
1313 3781 1325 3813 o
1342 3764 1428 3814 Vives
1444 3760 1544 3820 q110ql¹⁰

481 3840 645 3888 insectetur.
666 3844 714 3892 sod
737 3858 793 3893 non
815 3851 912 3909 urget3
930 3849 991 3896 illos
1007 3853 1040 3898 ab
1054 3850 1169 3900 Erasmo
1191 3853 1369 3916 impugnatos
1391 3851 1474 3900 luisse
1492 3850 1542 3890 11¹⁰·

481 3927 582 3984 morat,
600 3930 626 3974 et
641 3928 741 3992 dialogi
757 3937 937 3983 ciceroniani
950 3943 1112 3999 argumenta
1127 3955 1139 3985 u
1156 3942 1223 4002 quia
1237 3947 1305 3991 nota
1319 3946 1386 3991 sunt
1400 3934 1542 3988 omnibusl

481 4015 678 4078 praetermittit
693 4019 739 4082 (De
755 4026 862 4084 Caucis,
882 4024 945 4088 174.)
960 4023 1001 4075 Gi.
1018 4030 1055 4074 De
1070 4031 1145 4078 Bello
1160 4035 1347 4082 Ciceroniano
1364 4031 1440 4093 apud
1456 4031 1541 4073 recee-

481 4103 571 4150 liores
586 4111 863 4168 commentariolum,
882 4117 994 4160 auctore
1011 4113 1137 4165 Lenient.
1157 4118 1224 4168 1855.

510 4187 549 4248 (2)
565 4186 596 4234 In
614 4193 832 4245 Commentariis
845 4203 963 4248 Graecae
978 4204 1101 4261 linquae.

512 4274 549 4337 (3)
568 4273 662 4334 Vives,
678 4283 714 4326 De
730 4285 837 4340 Geticis,
856 4284 907 4332 174.
