3312 5382
896 477 994 590 ...45
1016 559 1056 574 ..

442 667 632 740 amabilem
654 685 727 740 nun
747 665 914 759 diligunt.
934 668 1018 739 lure
1038 683 1120 757 ergo
1139 665 1176 736 in
1199 666 1411 739 memoriam
1437 683 1520 736 ma·
1637 729 1638 746 ,

443 793 633 884 gistrorum
658 800 813 874 revocat,
844 791 944 864 nullo
969 796 1071 882 pacto
1090 809 1221 881 pueros
1248 790 1377 863 adduci
1408 807 1525 881 posse

442 917 489 989 ad
519 915 636 990 olllcia
667 917 808 1008 piorum
837 915 993 988 liliorum
1022 932 1104 1007 erga
1130 915 1229 1005 ipsos
1258 912 1521 1006 exsequenda,

443 1043 514 1114 nisi
536 1041 604 1134 ipsi
625 1043 784 1134 parentis
801 1041 962 1112 animum
984 1046 1128 1112 sumant
1147 1040 1401 1113 amantissimi.

494 1169 586 1240 Dent
613 1165 791 1258 imprimis
811 1183 954 1256 operam
976 1170 1015 1236 ul
1043 1163 1201 1237 indolem
1224 1164 1524 1254 uniuscuiusque

445 1291 640 1382 inspiciant
664 1297 699 1362 et
723 1290 869 1381 penitus
896 1296 1132 1380 cognoscant,
1158 1296 1265 1379 atque
1288 1289 1334 1361 ad
1361 1291 1524 1362 varieta-

445 1424 516 1491 tem
542 1415 767 1508 ingeniorum
792 1409 849 1508 (l)
873 1415 1023 1505 rigorem
1044 1413 1217 1486 scholaris
1242 1414 1430 1506 regiminis
1458 1412 1524 1486 de-

446 1541 587 1614 llectero
602 1544 789 1612 conentur.
808 1541 917 1610 Suam
936 1537 1033 1610 enim
1052 1536 1208 1610 indolem
1225 1547 1389 1610 anatura
1404 1556 1524 1610 nnus·

447 1665 601 1757 quisque
638 1662 772 1754 accepit
805 1679 916 1754 puer,
948 1661 996 1734 ita
1027 1669 1068 1735 ul
1101 1663 1224 1735 nullus
1261 1663 1316 1735 sui
1355 1663 1522 1736 similem

448 1788 591 1862 babeat.
614 1788 727 1860 lmmo
746 1786 869 1859 nullus
889 1785 953 1859 diu
978 1785 1048 1858 sibi
1068 1793 1227 1870 constat,
1247 1787 1441 1879 sedsaepe
1463 1805 1522 1860 se·

448 1931 528 1986 oum
547 1911 699 1985 dissidet
725 1938 740 1975 ι
763 1930 805 1983 ex
825 1910 904 1983 cibo
924 1917 959 1983 et
978 1911 1140 2002 potione,
1162 1930 1205 1984 ex
1225 1911 1351 1984 babitu
1370 1913 1464 1985 coeli
1486 1919 1523 1984 ct

448 2039 537 2124 loci,
559 2056 603 2110 ex
621 2035 871 2109 allectionibus
892 2054 1079 2128 corporum
1099 2034 1200 2131 til.»
1225 2037 1292 2123 Qui
1308 2039 1403 2110 enim
1425 2055 1522 2130 puer

449 2181 534 2255 prae
560 2162 737 2233 semelae
763 2159 897 2233 indolis
924 2160 1079 2252 speciem
1107 2160 1269 2246 ferebat,
1294 2163 1401 2234 annis
1421 2180 1522 2235 cres·

449 2285 633 2371 centibus,
654 2285 748 2358 bene
770 2292 946 2356 moratum
968 2302 1006 2356 se
1027 2284 1212 2375 praebuit;
1235 2287 1297 2378 qui
1322 2305 1402 2359 vero
1422 2285 1520 2380 opti-

451 2431 546 2484 mam
579 2415 743 2483 neturam
778 2409 925 2482 sortitus
958 2407 1164 2493 ridebatur,
1197 2411 1271 2501 J’am
1304 2411 1523 2484 adolescens

451 2556 578 2630 pravos
604 2554 721 2608 mores
751 2535 921 2608 ostendit.
942 2533 1039 2605 Nihil
1063 2553 1144 2625 ergo
1165 2535 1310 2619 utilius,
1333 2534 1397 2608 sed
1421 2534 1519 2607 nibil

451 2662 635 2736 dillicilius
662 2679 770 2752 qnam
797 2659 958 2732 animum
978 2660 1153 2750 cujusque
1173 2667 1379 2750 penetrare,
1402 2661 1448 2733 de
1477 2678 1519 2733 eo

447 2787 624 2879 judicium
644 2786 760 2867 lerre;
779 2785 880 2857 adid
903 2783 1043 2856 facilius
1064 2783 1318 2866 obtinendum,
1341 2785 1429 2857 utile
1450 2785 1521 2858 erit

451 2932 492 2986 ea
513 2930 606 3003 quae
625 2910 759 3002 singuli
786 2909 947 3002 magistri
971 2909 1009 2981 in
1037 2909 1113 2980 suls
1136 2908 1324 3001 discipulis
1351 2911 1520 2982 obserua-

452 3037 569 3109 verlnt
587 3037 626 3106 in
649 3053 841 3107 commune
863 3033 1015 3106 conlerri
1039 3039 1074 3106 et
1093 3031 1299 3106 cunctorum
1326 3035 1520 3125 prudentia

453 3143 668 3253 pensitari:
698 3186 713 3223 ι
741 3161 873 3245 Quater
900 3177 963 3250 per
999 3176 1114 3230 annos
1147 3158 1308 3249 singulos
1336 3159 1521 3231 inlocum

453 3292 628 3358 secretum
654 3284 812 3374 aliquem
840 3282 1055 3356 conveniant
1084 3281 1264 3374 magistri,
1286 3283 1339 3354 nti
1365 3284 1460 3355 inter
1482 3301 1521 3356 se

453 3410 498 3483 de
526 3409 680 3502 ingeniis
713 3407 969 3498 discipulorum
999 3425 1146 3479 suorum
1174 3406 1457 3480 sermocinentur
1487 3413 1522 3480 ot

453 3534 657 3607 consullent
675 3530 745 3628 (5).
770 3559 787 3599 o

504 3660 578 3731 llae
604 3665 690 3730 sunt
712 3658 855 3730 sobolae
876 3658 914 3729 in
944 3657 1077 3749 quibus
1104 3655 1299 3749 discipulos
1325 3658 1453 3749 recipi,
1482 3659 1521 3731 hi

455 3790 540 3856 sunt
558 3783 719 3874 magistri
744 3801 835 3873 quos
863 3783 919 3854 his
944 3782 1076 3854 sobolis
1104 3800 1270 3873 praeesse
1299 3784 1374 3855 vult
1397 3791 1522 3858 noster

445 3895 572 3982 vium,
602 3908 729 3982 Nonne
757 3906 801 3980 do
831 3907 893 3978 tali
922 3906 1113 3979 Academia
1141 3906 1211 3980 dici
1245 3914 1399 3998 possunt
1427 3928 1524 3999 quae

386 4199 388 4204 Ι
485 4133 519 4200 (1)
535 4135 575 4186 Cf.
593 4134 699 4196 Quint„
715 4135 762 4186 lib.
780 4137 800 4197 1,
817 4149 840 4184 c.
858 4135 889 4193 3;
907 4135 941 4194 ll,
957 4133 979 4184 8.

487 4224 520 4289 (2)
535 4229 572 4274 De
589 4227 683 4286 Trad„
699 4224 753 4273 288.

486 4313 520 4380 (3)
535 4313 616 4378 ibid,
631 4311 686 4365 278.
