3284 5480
862 601 1024 664 ..52-

410 741 480 823 ita;
505 756 622 830 neque
644 757 711 811 nos
730 757 856 812 sumus
881 739 988 819 nani,
1012 755 1130 829 neque
1155 737 1209 809 illi
1234 735 1399 810 hominos
1425 738 1474 828 gi·

409 871 555 958 pantes,
577 863 640 936 sed
661 882 787 936 omues
807 863 968 954 eiusdem
990 869 1159 946 naturae,
1181 862 1383 953 etquidem
1406 881 1474 934 nos

408 990 517 1062 altius
535 990 644 1062 evecti
665 989 809 1061 illorum
828 987 1017 1069 beneflcio,
1036 995 1177 1060 maneat
1192 987 1298 1060 modo
1313 988 1351 1059 in
1369 987 1474 1060 nobis

409 1115 506 1206 quod
531 1115 568 1186 in
595 1115 668 1187 illis
693 1115 852 1187 studium
874 1121 908 1187 et
927 1133 1028 1187 amor
1046 1115 1133 1188 veri.
1156 1141 1172 1178 ›
1198 1115 1257 1186 Sic
1279 1132 1344 1205 pro
1368 1113 1474 1184 solito

409 1261 474 1314 suo
498 1239 652 1331 judicio,
681 1241 774 1312 hanc
800 1239 1039 1332 percelebrem
1066 1241 1171 1312 solvit
1196 1239 1473 1312 controversiam

408 1365 453 1437 de
472 1371 629 1438 veterum
651 1365 890 1438 recentiumve
908 1365 1148 1456 praestantia;
1174 1365 1225 1437 sic
1248 1363 1474 1454 abantiquis

408 1491 591 1564 doctrinae
610 1508 767 1562 amorem
793 1490 914 1580 potius
935 1509 1042 1582 quam
1066 1489 1264 1565 doctrinam
1284 1491 1399 1582 ipsam
1419 1507 1475 1561 ac·

407 1616 524 1706 cipere
548 1621 707 1687 recentes
725 1615 841 1705 jubet.
1446 1673 1451 1687 .

456 1739 526 1812 Sed
545 1739 662 1810 acrius
682 1757 789 1829 quam
814 1738 1041 1828 antiquitatis
1061 1738 1368 1830 superstitionem,
1397 1737 1473 1810 dia·

405 1865 549 1937 lecticae
566 1862 798 1935 immodicum
817 1880 858 1935 ac
880 1863 1110 1955 depravatum
1132 1881 1238 1936 usum
1260 1864 1470 1935 insectatur.

404 1991 482 2063 Non
499 1995 603 2081 negat
618 1996 712 2060 certe
729 1988 913 2060 dialectica
931 1989 1122 2080 plurimam
1144 1989 1332 2060 utilitatem
1351 2007 1472 2078 praes·

406 2115 491 2197 tari,
535 2132 601 2186 nec
634 2113 671 2183 in
707 2112 770 2184 illa
808 2119 980 2204 tanquam
1019 2114 1055 2187 in
1098 2113 1275 2205 palaestra
1314 2111 1470 2203 quadam

405 2240 517 2312 animi
544 2238 663 2330 augeri
689 2239 801 2324 vires,
827 2256 955 2310 nervos
976 2238 1112 2311 intendi
1139 2245 1173 2312 et
1193 2238 1323 2310 mentis
1341 2238 1470 2309 alacri·

406 2372 514 2438 tatem
537 2364 715 2446 exerceri;
746 2369 887 2435 tantum
915 2363 1010 2434 enim
1036 2363 1173 2455 operis,
1203 2373 1243 2434 ut
1268 2380 1351 2434 mor
1377 2361 1473 2434 vide

404 2489 543 2572 bimus,
575 2487 753 2560 consumit
782 2487 942 2561 inrecto
977 2487 1180 2560 dialecticae
1210 2507 1278 2559 usu
1310 2487 1471 2561 docendo
1567 2537 1570 2544 -
1624 2508 1627 2518 ·

404 2621 579 2705 quantum
600 2613 637 2684 in
655 2614 731 2703 ejus
747 2613 864 2685 abrrsu
879 2612 1144 2704 exprobrando.
1163 2611 1257 2683 lllud
1275 2630 1358 2684 vero
1378 2613 1471 2684 into·

404 2740 591 2813 lerandum
612 2757 652 2810 ac
667 2738 822 2811 maxime
841 2738 986 2810 lunesto
1005 2738 1073 2810 mei
1091 2738 1231 2811 ridetur
1248 2737 1471 2810 dialecticam

402 2865 512 2938 totius
528 2863 740 2955 disciplinae
757 2863 932 2935 curriculo
949 2881 1131 2954 praeesse,
1149 2881 1275 2935 omnes
1288 2870 1384 2935 artes
1404 2881 1472 2936 sua

403 2989 553 3061 induere
567 2988 693 3070 torma,
711 2988 833 3059 omnia
851 2994 885 3060 et
899 2988 978 3078 ipsa
992 2988 1195 3078 linguarum
1213 2988 1391 3060 elementa
1406 3007 1472 3080 per

403 3113 695 3206 quaestiunculas
721 3131 762 3184 ac
787 3112 1050 3204 disputationes
1075 3112 1185 3195 tradi,
1206 3121 1251 3184 et
1273 3114 1468 3203 puerulos,

401 3239 520 3311 adhuc
533 3236 704 3328 loquendi
720 3235 869 3319 inscios,
885 3236 1069 3327 disputare
1080 3237 1214 3327 iuberi.
1235 3236 1470 3310 ‹tltercandi

400 3364 544 3436 initium
566 3363 685 3434 statim
708 3360 820 3442 natis.
842 3359 927 3432 linis
954 3362 1076 3433 nullus
1097 3361 1167 3432 nisi
1194 3380 1274 3433 cum
1295 3368 1422 3434 morte.
1448 3389 1464 3427 »

400 3491 490 3561 Nota
517 3496 571 3561 cst
597 3488 684 3560 haec
708 3486 829 3558 Vivica
862 3486 1091 3559 assiduarum
1117 3486 1402 3579 disputationum
1428 3488 1470 3560 in

400 3614 533 3705 quibus
556 3613 694 3684 alumni
714 3611 850 3684 solidos
870 3611 948 3684 dies
968 3611 1228 3684 consumebant
1245 3610 1440 3702 descriptio
1457 3635 1467 3695 ;

401 3738 465 3811 sed
482 3739 549 3809 hoc
564 3738 640 3808 loco
655 3737 722 3808 sub
738 3735 860 3807 oculos
877 3743 1070 3826 reponatur
1085 3753 1231 3807 necesse
1247 3743 1301 3807 est
1317 3759 1326 3806 ι
1345 3762 1360 3799 ‹
1375 3736 1471 3807 Puer

399 3864 446 3936 ad
465 3863 622 3935 scholam
642 3860 815 3933 deductus
830 3857 886 3954 (l)
900 3859 1016 3951 primo
1037 3859 1223 3932 confestim
1244 3860 1303 3932 die
1317 3835 1470 3950 jubetur

399 3989 596 4080 disputare,
614 3992 649 4058 et
668 3985 813 4057 docetur
828 3985 902 4075 jam
923 3983 1033 4055 rixari
1053 3985 1116 4074 qui
1136 3983 1202 4055 lari
1223 3984 1384 4058 noudum
1400 4003 1469 4075 po·

399 4121 490 4197 test;
512 4113 608 4185 idem
624 4109 662 4183 in
681 4109 923 4202 grammatica,
946 4109 984 4180 in
1003 4108 1133 4200 poetis,
1155 4109 1193 4180 in
1212 4108 1407 4194 historicis,
1425 4110 1468 4182 iu

429 4397 463 4461 (l)
478 4402 514 4445 De
531 4397 639 4454 causis,
655 4409 681 4457 p.
697 4393 736 4454 50,
753 4393 791 4444 51.
