3284 5480
571 560 730 623 Λο-

115 699 287 792 Poggium
314 707 349 772 et
376 699 600 782 boccacium,
621 704 713 784 etc,
744 705 832 782 etc,
855 698 917 790 qui
937 697 1091 772 feminae
1110 717 1183 772 non

115 823 238 896 minus
265 823 460 894 aversandi
482 834 570 896 suot
592 845 701 916 quom
732 823 859 916 uipera
888 828 919 893 ct
951 823 1088 915 scorpio
1116 820 1181 917 (1).

113 950 193 1022 Non
207 945 298 1022 alios
315 968 397 1041 ergo
411 967 518 1039 quam
537 929 753 1025 christianos
769 957 893 1040 poetas
909 949 1029 1040 legant
1043 949 1184 1040 puellae

51 1053 60 1063 ’
111 1074 228 1165 jubet,
250 1081 291 1147 ut
310 1073 559 1153 Prudentium,
581 1072 780 1156 Aratorem,
803 1074 1007 1155 Paulinum,
1026 1079 1092 1144 etc.

165 1199 205 1269 ln
228 1199 286 1270 his
310 1217 392 1270 vero
416 1198 623 1270 auctoribus
651 1199 713 1288 qui
740 1198 858 1269 soluta
884 1197 1046 1269 oratione
1066 1197 1181 1287 scrip·

114 1329 261 1404 serunt,
293 1322 487 1395 faciliorem
520 1341 558 1394 se
588 1322 746 1414 praebet.
783 1323 925 1394 Praeter
960 1338 1081 1410 sacros
1113 1321 1182 1392 lle·

113 1447 201 1520 teris
220 1455 256 1520 et
275 1447 362 1519 Noui
392 1447 608 1519 Testamenti
635 1447 843 1537 scriptores,
869 1462 1010 1517 necnon
1031 1445 1184 1517 Sanctus

114 1570 292 1643 Ecclesiae
313 1572 455 1653 Patres,
477 1568 647 1662 legendos
667 1567 829 1641 concedit
857 1570 1063 1649 Platonem,
1096 1568 1180 1640 Tul·

113 1695 218 1779 lium,
241 1696 425 1778 Senecam,
452 1695 682 1768 Plutarchum
708 1690 772 1788 (i),
796 1693 955 1785 denique
974 1676 1182 1784 omnesqui

121 1818 199 1892 ‹de
213 1819 472 1910 componendis
488 1819 675 1891 attactibus
691 1820 937 1910 scripserunt:
955 1820 1183 1893 vehementes

114 1943 210 2015 enim
233 1943 301 2016 hac
321 1951 423 2035 parte
441 1943 695 2035 philosophiae
716 1942 852 2034 indiget
872 1944 1004 2016 femina
1025 1939 1090 2037 (5).
1113 1969 1128 2006 ι

8 2167 11 2172 Ι
164 2067 291 2140 Libros
312 2085 457 2159 quoque
483 2067 528 2140 de
558 2067 757 2140 educandis
783 2067 906 2158 pueris
935 2073 1049 2140 mater
1067 2068 1180 2159 legat,

114 2197 151 2264 et
168 2193 290 2264 omnia
310 2192 510 2266 Aristotelis
530 2193 855 2283 Xenophontisque
883 2193 928 2271 de
956 2211 994 2265 re
1013 2191 1181 2264 familiari

114 2322 333 2407 praecepta:
370 2315 597 2389 ‹Addentur
621 2317 678 2387 bis
705 2317 858 2408 paucula
884 2317 929 2389 de
958 2316 1113 2407 simplici
1142 2335 1183 2388 ac

113 2439 208 2511 facili
235 2439 414 2514 medicina
436 2459 508 2530 qua
532 2447 587 2512 est
615 2458 706 2531 opus
732 2441 770 2512 in
798 2439 960 2513 leviculis
987 2457 1181 2532 puerorum

113 2571 176 2636 aut
195 2564 352 2636 familiae
371 2565 507 2637 morbis
526 2565 591 2656 qui
611 2565 700 2637 tanti
720 2583 793 2641 non
817 2573 903 2638 sunt
921 2571 962 2637 ut
981 2581 1089 2656 opera
1107 2581 1181 2636 me·

112 2685 184 2760 dici
203 2687 250 2760 sit
268 2688 495 2779 imploranda
513 2687 579 2784 (l).
597 2717 614 2754 ι
635 2691 721 2761 Eam
738 2689 883 2762 demum
903 2697 1054 2762 naturae
1073 2688 1180 2760 attin·

113 2830 196 2904 gere
220 2819 344 2903 potest
360 2813 495 2887 femina
513 2815 753 2906 cognitionem
773 2833 837 2906 per
864 2832 972 2904 quam
993 2821 1029 2886 et
1054 2813 1182 2886 matris

113 2943 150 3010 et
176 2937 298 3010 uxoris
330 2936 447 3010 officia
473 2938 633 3011 faciliora
661 2938 765 3012 sint:
793 2938 972 3030 «Exigua
1004 2935 1185 3028 quaedam

113 3067 264 3134 naturae
292 3061 446 3153 cognitio
474 3069 651 3155 quantum
678 3081 769 3154 opus
799 3068 853 3136 est
884 3057 1066 3151 communi
1097 3060 1182 3134 huic

112 3183 206 3256 uitae
227 3185 357 3258 rationi
378 3185 532 3259 tuendae
550 3186 650 3259 utilis
671 3193 725 3259 est
744 3185 899 3270 feminae
923 3183 987 3280 (5).
1010 3213 1026 3251 ι

164 3309 237 3382 Hae
257 3316 342 3382 sunt
360 3316 455 3383 artes
475 3330 565 3402 quas
584 3311 689 3383 Vives
710 3311 853 3384 feminis
874 3309 982 3385 simul
1008 3328 1050 3382 ae
1069 3308 1185 3382 mach.

110 3431 183 3506 hus
201 3433 375 3523 permittit
393 3452 601 3508 communes
621 3454 714 3508 esse.
738 3434 806 3508 Sed
831 3435 1027 3507 aliaesunt
1045 3433 1176 3508 mulio·

110 3575 193 3629 rum
221 3558 404 3650 propriae,
427 3578 674 3653 quaecumque
702 3579 832 3652 nempe
856 3559 902 3649 ad
929 3557 1084 3632 officium
1105 3578 1186 3633 mae
1237 3613 1240 3620 -

110 3679 178 3753 tris
195 3681 349 3755 familias
368 3683 535 3768 attinent,
557 3703 647 3774 quas
667 3684 838 3758 didicisse
851 3690 886 3757 et
900 3703 1053 3776 quarum
1072 3703 1185 3758 usum

143 3973 177 4040 (1)
192 3974 273 4038 ibid,
289 3975 319 4028 et
334 3979 362 4028 et
376 3977 415 4030 99.

141 4063 178 4128 ,(9)
194 4063 275 4128 ibid,
291 4064 330 4118 89.

142 4151 176 4216 (3)
191 4155 229 4202 De
246 4153 337 4213 officio
352 4156 460 4215 mariti,
476 4167 502 4217 p.
519 4153 572 4206 969.

143 4239 177 4306 (l)
192 4238 273 4301 ibid,
289 4239 342 4294 369.
663 4237 666 4244 ’

142 4328 176 4394 (5)
191 4327 273 4394 thid..
288 4327 343 4384 ³68.
