3284 5480
766 1437 909 1513 CAPUT
936 1436 1163 1526 Quturuu.

578 1762 623 1816 or
648 1761 790 1817 torroos
817 1761 905 1830 (1666
931 1761 1032 1817 rosor
1059 1759 1355 1815 666666616666.
1498 1719 1501 1724 Δ

794 2045 976 2108 harmotus
1002 2043 1137 2106 Paulos.

512 2278 611 2340 lodex
626 2278 758 2340 citarum
773 2277 910 2353 ortium,
926 2267 952 2337 et
967 2293 1091 2338 1661166
1106 2293 1156 2338 eus
1170 2273 1311 2338 tradendi
1325 2277 1417 2338 rollo.

483 2524 520 2595 Si
541 2523 624 2615 quis
645 2524 735 2597 sciro
754 2524 876 2615 cupiat
896 2541 1073 2616 quaenam
1092 2530 1187 2596 artos
1213 2523 1251 2595 in
1274 2522 1503 2592 Facultottbos

432 2652 554 2719 ortium
583 2649 704 2740 pueris
736 2647 979 2730 traderentur,
1009 2647 1239 2721 obliviscatur
1270 2665 1415 2721 occcssc
1446 2653 1502 2719 661

434 2773 528 2847 hanc
542 2779 696 2846 voterem
712 2773 843 2845 artium
861 2774 1091 2865 partitionem
1108 2775 1145 2844 ih
1166 2770 1332 2844 Triviam
1343 2790 1385 2844 ac
1404 2769 1501 2849 Quo·

433 2895 606 2970 drauum.
635 2898 792 2989 Magistri
819 2899 915 2970 onim
943 2898 997 2971 661
1025 2905 1125 2971 ostra
1150 2899 1233 2970 illos
1263 2897 1396 2969 limites
1422 2896 1499 2968 dis·

434 3020 642 3107 currebant,
663 3040 742 3093 curn
764 3040 836 3094 nou
861 3030 1000 3096 tantum
1026 3022 1071 3095 (16
1097 3030 1234 3114 soptoru
1258 3021 1416 3104 artibus,
1437 3020 1501 3093 sod

434 3147 542 3219 otiam
562 3146 607 3218 (16
626 3146 767 3229 Ethica,
791 3146 835 3219 (16
856 3149 1005 3240 Physica
1030 3155 1064 3220 61
1090 3147 1134 3220 (16
1153 3147 1393 3238 ltetaphysica
1417 3165 1498 3237 ago·

435 3278 527 3349 rent,
546 3271 599 3341 vol
620 3272 706 3343 citra
726 3289 764 3344 66
783 3273 966 3353 16661661,
985 3290 1065 3344 cum
1083 3273 1148 3344 has
1168 3279 1202 3344 61
1217 3271 1297 3344 11166
1313 3279 1408 3343 66166
1426 3289 1501 3342 om-

433 3412 499 3466 nos
527 3394 565 3465 in
594 3413 701 3466 uuam
729 3395 877 3486 logicam
903 3396 1017 3467 torrna
1042 3402 1077 3468 61
1100 3395 1206 3468 motio
1231 3393 1384 3468 (locandi
1411 3413 1495 3467 ccu-

434 3526 623 3592 vorterent.

483 3645 580 3729 Quae
603 3663 684 3717 vcro
708 3644 903 3718 tradendae
926 3646 1000 3717 sint
1019 3652 1054 3719 61
1071 3665 1143 3736 quo
1163 3645 1289 3718 ordino
1307 3646 1359 3718 ita
1378 3644 1501 3718 statuit

432 3765 538 3841 Viros
561 3792 569 3838 ε
595 3771 628 3838 11
649 3768 822 3860 Linguae,
846 3771 883 3838 11
903 3770 1093 3842 Dialectica
1112 3770 1250 3853 critica,
1274 3772 1310 3840 5⁰
1330 3769 1497 3861 Physica,

433 3894 470 3962 t⁰
505 3891 623 3964 Prima
652 3893 883 3984 philosophia
917 3913 980 3966 sou
1020 3894 1260 3986 hlotaphysica
1299 3893 1496 3985 generalis,

436 4020 471 4090 11
492 4016 682 4089 Dialectica
707 4016 887 4090 inventrix
910 4036 974 4091 sou
994 4019 1277 4092 lustrumootum
1301 4017 1497 4111 probahili-

434 4142 531 4221 16116,
555 4143 590 4211 61
612 4141 813 4223 Rhetorica,
840 4143 876 4211 7⁰
896 4142 1166 4216 llathomaticao
1186 4149 1293 4226 artos,
1317 4142 1495 4215 hrithmo·

434 4266 503 4341 tica
522 4265 678 4348 scilicet,
700 4266 920 4347 (1666661616,
945 4267 1192 4349 hstrooouria,
1214 4267 1360 4340 Musica.
1389 4294 1406 4331 ‹
1429 4269 1501 4340 lloc
