3284 5480
597 453 776 547 -tor-
849 498 854 507 ·

136 624 265 714 legem
291 641 377 696 suae
394 622 559 695 abbatiae
578 621 706 696 incolis
726 624 963 714 praescribit:
986 627 1219 716 ‹i'ayceque

135 747 333 829 vouldraS,
354 774 370 813 ι
395 749 584 820 immernor
604 766 642 821 se
658 749 731 838 jarn
750 748 886 821 dixisse
910 748 1129 820 «scentiam
1144 747 1219 818 siae

137 874 360 944 conscientia
380 873 497 945 animi
515 873 665 945 coritium
684 873 857 958 evadere,
879 901 894 938 a
917 881 951 948 ei
977 875 1110 946 «omni
1129 881 1218 974 iem·

139 1017 238 1090 pore
255 1001 367 1070 Deum
386 999 574 1072 colendum
595 1007 629 1072 et
647 1000 842 1073 arnandunr
859 1019 960 1090 esse;
983 1027 997 1065 ›
1025 1018 1118 1092 quae
1133 1017 1218 1092 pos-
1325 1029 1331 1038 ·

140 1122 283 1196 teriora
302 1122 429 1206 verba,
452 1124 683 1196 christianam
705 1132 740 1197 et
760 1126 917 1198 Viuieam
943 1124 1141 1198 doctrinam
1160 1141 1217 1196 re·

142 1246 331 1328 dolentia,
370 1266 449 1319 cunr
487 1248 668 1338 prioribus
709 1248 858 1322 minime
886 1249 1103 1332 concinunt,
1138 1265 1218 1321 cum

143 1373 249 1443 Deus
286 1372 409 1444 uiuitis
449 1373 668 1446 voiuntatern
709 1381 744 1446 et
780 1373 1033 1446 conscientiam
1079 1372 1218 1464 iegibus

144 1496 420 1570 constrinxerit.
799 1513 802 1520 ·

201 1623 278 1694 Non
306 1630 444 1696 tantum
466 1631 615 1698 naturae
642 1623 762 1696 studio
784 1630 958 1714 quanturn
985 1624 1215 1704 Rabeiasius,

147 1747 216 1819 sed
241 1765 306 1820 nec
326 1753 465 1820 tanturn
492 1748 621 1821 litteris
642 1755 816 1838 quantum
842 1749 946 1822 Vives
968 1747 1093 1821 tribuit
1112 1746 1216 1817 Moo-

146 1873 280 1952 tauics,
296 1889 362 1943 nee
376 1872 472 1944 vetut
487 1872 548 1944 iiie
566 1873 784 1945 uoluntatem
800 1873 899 1945 ornni
917 1873 993 1965 iege
1012 1873 1129 1954 soluit,
1144 1890 1218 1944 non

147 2001 270 2066 autern
293 1996 388 2068 veiut
405 1996 465 2068 hic
482 1996 698 2069 christianae
714 1996 898 2088 religionis
918 1997 1117 2088 praeceptis
1133 1996 1219 2086 liga·

147 2119 222 2215 vit3
249 2121 287 2190 in
306 2119 534 2193 iniorrnauda
554 2122 650 2194 enim
672 2123 852 2195 voluntate
871 2141 935 2214 per
953 2123 1087 2195 ethices
1106 2127 1214 2193 natu·

149 2245 237 2316 reiis
269 2243 472 2336 praecepta,
509 2254 543 2318 et
573 2246 727 2337 regendo
754 2247 889 2336 judicio
917 2254 1012 2319 totus
1037 2245 1148 2317 fuisse
1171 2245 1218 2315 vi·
1327 2309 1330 2314 .

150 2369 269 2442 detur.
303 2370 522 2461 Disciplinae
559 2373 654 2444 enirn
686 2371 795 2444 surrent
834 2362 926 2444 dicit'
951 2390 1029 2444 esse
1063 2376 1217 2444 nentem

149 2493 317 2585 effingere
338 2514 410 2567 non
429 2495 604 2577 refersne,
625 2503 660 2567 et
678 2496 758 2568 ideo
780 2498 867 2568 satis
888 2515 966 2568 esse
982 2495 1144 2568 ornniurn
1164 2514 1218 2565 ar·

150 2618 240 2689 tium
259 2638 402 2691 wsurnrna
425 2619 582 2712 fastigia,
605 2627 684 2701 aut,
715 2628 753 2693 ut
780 2621 858 2712 ipse
886 2621 953 2704 ait,
979 2621 1049 2691 «ia
1075 2625 1215 2693 crouste

152 2744 370 2834 premiere»
397 2764 554 2837 carpere.

200 2870 250 2939 Dc
275 2870 462 2942 Rabeiasio
489 2888 529 2942 ac
556 2870 738 2944 Montanio
772 2878 874 2942 acute
907 2870 1041 2942 dicturn
1073 2870 1139 2941 iuit
1171 2868 1216 2941 ab

152 2999 303 3083 utroque
323 2995 493 3066 scientiae
513 3001 547 3066 et
561 2995 801 3068 conscientiae
820 2998 1023 3068 societatem
1043 3013 1219 3067 commen·

150 3116 268 3190 datarn
296 3117 429 3201 tuisse,
458 3119 522 3192 sed
548 3120 593 3192 ab
615 3140 686 3193 uno
713 3121 794 3212 pius
815 3122 1002 3204 scientiae,
1033 3121 1079 3192 ab
1106 3120 1216 3192 altero

150 3243 231 3332 pius
249 3244 488 3316 conscientiae
502 3247 705 3318 consuitun
726 3247 838 3318 fuisse
854 3245 922 3340 (i).
939 3247 1043 3318 Vives
1059 3263 1140 3317 vero
1159 3262 1218 3335 pa·

152 3367 236 3438 riter
256 3368 426 3439 scientiae
446 3387 487 3439 ac
506 3369 746 3442 conscientiae
764 3372 964 3453 consuluit,
986 3371 1084 3442 itlarn
1105 3389 1125 3440 a
1145 3387 1218 3440 eor-

151 3491 330 3582 ruptionis
351 3492 482 3574 causis,
505 3500 579 3564 turn
600 3496 818 3576 recentibus,
844 3503 916 3566 turn
938 3495 1111 3586 antiquis,
1134 3513 1217 3584 pur·-

151 3616 264 3706 gavit,
301 3617 395 3687 hanc
428 3635 491 3707 per
524 3635 648 3691 omnes
686 3627 780 3691 artes
811 3603 909 3693 'recte
946 3639 986 3692 ac
1024 3619 1217 3691 christiane

151 3740 302 3812 traditas
334 3740 546 3814 confirmare
571 3762 611 3815 ac
640 3744 808 3834 perficere
836 3752 984 3817 conatus
1009 3752 1083 3826 est,
1111 3745 1218 3816 itaut

150 3865 276 3936 merito
298 3866 392 3938 inter
412 3867 622 3959 praecipuos
642 3888 683 3940 ac
703 3869 1005 3960 prudentissimos
1023 3888 1215 3961 puerorum

148 3989 336 4082 magistros
363 4000 621 4097 annumeratus
642 3995 709 4080 sit,
735 4002 769 4067 et
789 4013 967 4072 surrumarn
989 3995 1110 4068 inierit
1130 4013 1211 4090 gra·

180 4270 213 4334 (i)
228 4269 395 4336 Gompayre,
412 4286 456 4336 op.
470 4274 527 4336 cit„
545 4287 571 4346 p.
591 4274 642 4331 tit,
