3284 5480
744 1557 887 1632 CAPUT
918 1559 1171 1632 SECUNDUM.

424 1939 469 1990 DE
487 1938 713 2002 pronomem,
734 1939 849 1990 Plilllls
873 1939 973 1993 Penni
997 1937 1187 1991 neomeniis.
1211 1959 1259 1970 -
1277 1937 1491 1990 exennllrns

478 2062 625 2116 PUELLAS
650 2062 792 2116 lnnlnns
820 2062 967 2116 ennolion
993 2062 1034 2113 ΕΤ
1062 2062 1257 2128 QUIBUSNAM
1283 2061 1440 2114 Anninus,

480 2402 617 2474 Primos
650 2411 686 2476 et
719 2401 930 2494 praecipuos
965 2401 1066 2494 pueri
1101 2402 1290 2493 magistros
1325 2407 1490 2493 parentes

426 2545 523 2610 esse,
554 2544 660 2617 saepe
693 2528 731 2598 in
765 2527 898 2599 scholis
932 2545 1004 2597 non
1036 2544 1143 2617 posse
1172 2526 1298 2616 corrigi
1331 2526 1490 2597 animum

426 2650 524 2722 domi
539 2650 783 2743 depravatum,
796 2651 999 2723 scholarum
1016 2650 1243 2740 disciplinam
1257 2651 1309 2722 vel
1321 2649 1489 2741 optimam

425 2775 518 2847 nihil
538 2775 636 2847 aliud
666 2775 804 2848 ellicere
829 2775 899 2847 nisi
925 2775 1020 2865 quod
1046 2776 1109 2846 alit
1135 2774 1275 2846 semina
1303 2773 1486 2846 teneriori·

425 2897 494 2969 bos
514 2899 620 2970 annis
640 2899 676 2970 in
694 2900 822 2990 puerili
843 2900 964 2970 animo
985 2898 1148 2989 deposita
1163 2923 1171 2969 :
1184 2899 1249 2969 has
1270 2906 1304 2970 el
1321 2899 1411 2969 alias
1427 2898 1494 2968 hu·

422 3024 524 3114 insoe
551 3023 649 3095 modi
674 3025 892 3105 sententias,
923 3023 1163 3095 venerandam
1188 3023 1444 3113 antiquitatem.
1460 3029 1494 3094 et

426 3156 634 3220 cunctorum
656 3149 846 3220 moralium
870 3156 1141 3239 praeceptorem
1164 3147 1362 3220 doctrinam
1389 3148 1491 3220 redo-

427 3274 555 3356 lentes,
577 3280 741 3346 retractat
763 3273 878 3356 Vives,
902 3273 965 3345 sed
986 3273 1140 3364 quadam
1162 3273 1303 3345 llorenti
1327 3271 1494 3343 novitatis

427 3400 545 3489 specie
564 3399 684 3471 induit
703 3399 749 3471 oh
770 3398 941 3471 lervidam
969 3407 1003 3470 et
1023 3399 1128 3488 qnasi
1155 3399 1251 3488 piem
1279 3397 1494 3469 alacritatem

426 3521 636 3613 parentibus
658 3523 738 3594 illas
758 3523 1015 3612 persuadendi.

476 3648 568 3718 Sunt
587 3646 702 3718 officia
722 3648 927 3719 commonia
947 3647 1058 3737 patris
1078 3654 1113 3719 et
1133 3648 1269 3726 matris,
1289 3654 1374 3718 sunt
1388 3646 1494 3718 etiam

426 3772 569 3862 propria
589 3771 888 3862 uniuscujusque,
901 3778 944 3860 ¹ot
964 3771 1067 3844 liberi
1088 3773 1221 3862 optime
1241 3771 1437 3844 educentur
1456 3789 1498 3842 ac

425 3895 676 3967 instituantur.

475 4020 592 4091 Prima
624 4021 786 4093 omnium
824 4028 907 4094 ante
943 4022 1062 4113 ipsum
1099 4020 1278 4112 incipiunt
1313 4021 1496 4093 matrimo-

426 4145 540 4217 nium.
572 4145 697 4216 Solent
723 4145 820 4216 enim
850 4143 912 4235 qni
944 4144 1172 4216 matrimonio
1205 4164 1244 4217 se
1272 4144 1497 4235 obstringere

425 4276 553 4364 parant
578 4268 670 4342 nihil
689 4268 790 4342 aliud
816 4269 886 4340 nisi
913 4270 1104 4343 utilitatem
1128 4289 1230 4343 suam
1253 4277 1314 4342 ant
1334 4270 1496 4358 volupta-
