3284 5480
845 525 1003 586 ...74-

390 667 567 760 generalis
605 666 814 758 praejudicii
850 686 923 757 quo
953 665 1117 739 videbam
1152 665 1297 738 ordines
1333 683 1462 737 omnes

390 791 542 883 probare
573 791 799 864 Aristotelem
831 817 839 862 :
871 809 990 864 verum
1026 790 1114 862 mibi
1153 791 1293 862 animos
1330 789 1464 881 adjecit

390 915 627 1005 timoremque
647 934 789 989 ornnem
810 915 948 1007 depulit
965 923 999 988 et
1014 915 1110 987 Vivis
1125 923 1160 987 et
1177 915 1247 988 mei
1265 914 1463 986 Cbarronis

390 1040 493 1112 lectio
512 1037 580 1132 (l).
596 1067 611 1104 ι
630 1039 692 1112 llis
713 1043 844 1120 causis,
865 1041 901 1111 ni
914 1041 1017 1112 iallor
1031 1065 1039 1112 :
1053 1039 1278 1112 Aristotelem
1302 1067 1316 1102 ‹
1335 1039 1461 1123 coluit,

391 1163 454 1236 sed
473 1183 546 1237 non
574 1165 735 1238 adoravit
759 1163 831 1259 (ῆς
855 1193 870 1229 ι
896 1165 995 1238 illius
1016 1165 1200 1256 ingenium
1222 1165 1371 1237 miratus
1390 1172 1462 1250 est,

332 1305 335 1314 ¹
391 1289 451 1360 scd
475 1289 739 1362 intolerandum
761 1292 890 1382 abjecit
911 1291 1134 1363 dominatum
1155 1310 1227 1381 qrro
1250 1291 1463 1382 praesertim

392 1413 604 1485 laborabant
636 1415 744 1504 buius
771 1416 898 1488 aetatis
925 1415 1093 1496 subolae;
1122 1414 1353 1506 Peripatetico
1381 1415 1464 1485 llia·

392 1539 514 1611 lectica
539 1559 626 1611 usus
651 1547 725 1623 est,
749 1541 811 1613 sed
833 1541 994 1613 Rationis
1022 1541 1140 1633 potius
1168 1559 1275 1630 quam
1303 1540 1466 1632 Magistri

391 1663 590 1736 auctoritati
624 1684 766 1755 parcns
796 1667 824 1738 A
852 1665 1017 1757 Magistro
1050 1667 1144 1738 enim
1175 1665 1213 1736 in
1243 1665 1464 1755 quibusdam
1568 1679 1572 1686 ’

392 1787 577 1870 dissensit,
602 1790 718 1878 parvis
739 1789 884 1880 quidem
906 1795 941 1862 et
960 1791 1084 1881 paucis
1108 1787 1173 1883 (3),
1199 1790 1248 1862 ita
1267 1789 1464 1862 multista-
1541 1785 1546 1796 '

394 1930 474 1984 men
496 1931 536 1984 ac
560 1914 726 2004 gravibus
745 1923 783 1987 ut
803 1915 966 2007 exemplo
992 1915 1233 1997 confirmaret,
1258 1915 1310 1986 vel
1332 1915 1465 1986 saltem

395 2055 466 2108 non
488 2045 645 2128 negaret,
667 2040 763 2128 quod
781 2040 898 2112 verbis
913 2040 1210 2131 eloquentissime
1223 2047 1259 2112 et
1274 2039 1468 2111 vehemen-

394 2161 531 2234 tissime
560 2163 769 2252 jactaverat,
797 2185 817 2236 a
842 2167 942 2236 nullo
974 2165 1108 2236 scilicet
1133 2166 1186 2236 vel
1216 2165 1261 2235 ab
1285 2163 1467 2236 altissimo

394 2285 539 2377 ingenio
570 2287 768 2360 doctrinam
799 2308 900 2362 caeca
933 2290 1189 2380 superstitione
1217 2287 1465 2380 accipiendam

395 2429 487 2484 esse.
507 2413 550 2483 Et
570 2431 649 2484 cum
669 2414 874 2504 eloquentia
895 2416 1000 2487 verba
1021 2417 1133 2506 magis
1154 2435 1262 2506 quam
1281 2416 1371 2487 iacta
1390 2433 1469 2515 me-

396 2535 544 2608 minisse
557 2537 696 2610 soleant
709 2539 887 2620 homines,
902 2539 1111 2630 praesertim
1127 2539 1172 2610 iis
1189 2538 1468 2631 tempestatibus

395 2661 529 2750 quibus
563 2663 763 2736 libertatem
798 2665 915 2737 verbis
946 2664 1126 2737 vindicare
1155 2666 1229 2755 jam
1260 2663 1465 2736 libertatem

395 2787 582 2859 exercendi
603 2788 744 2860 initium
768 2789 941 2870 videatur,
959 2808 1032 2860 non
1051 2789 1230 2861 immerito
1245 2788 1349 2859 Vives
1368 2787 1466 2858 inter

395 2929 457 2983 eos
478 2921 737 2986 annumeratus
761 2914 827 2986 luit
852 2889 914 3005 uui
939 2912 1204 3005 pbilosopbiam
1226 2911 1275 2984 ab
1292 2911 1467 2982 Aristote-

396 3035 463 3107 lica
482 3037 651 3109 servitute
671 3039 914 3111 liberaverint.

445 3160 546 3232 lilius
567 3181 648 3234 vero
668 3163 857 3235 enodatius
873 3163 1050 3255 explicare
1066 3163 1290 3235 dialecticam
1312 3179 1385 3232 non
1406 3160 1469 3233 bic

429 3413 462 3478 (t)
479 3415 618 3466 Praefatio
634 3417 726 3480 operis
743 3419 786 3467 cui
803 3419 844 3468 tit.
863 3433 868 3467 :
886 3421 1130 3468 Exercitationem
1145 3419 1386 3478 paradoxiearum
1399 3418 1469 3464 libr-t

396 3509 512 3564 septem.

427 3591 460 3658 (l)
476 3593 634 3657 Majansius‚
652 3600 724 3646 Vita.

429 3685 462 3749 (3)
480 3686 509 3734 Si
527 3688 611 3736 verba
629 3685 794 3746 attenderis,
812 3688 884 3736 baud
901 3689 984 3736 semel
1001 3688 1126 3736 iuvenies
1142 3701 1219 3736 acres
1234 3699 1266 3735 ac
1288 3685 1469 3735 vehementes

398 3774 606 3836 objurgationes
617 3789 687 3837 quae
702 3777 794 3838 magni
805 3776 913 3824 dissidii
926 3776 1056 3825 videntur
1072 3789 1132 3823 esse
1147 3774 1290 3834 indicium;
1301 3787 1346 3822 res
1358 3786 1425 3822 vero
1443 3773 1469 3820 si

397 3864 554 3912 accuratius
567 3865 798 3924 consideraveris
812 3867 918 3914 nullum
926 3866 979 3913 nisi
992 3867 1025 3914 de
1036 3865 1156 3913 minimis
1169 3865 1291 3927 reperies
1303 3862 1467 3923 dissidium;

398 3953 466 4000 nibil
487 3953 562 4002 aliud
582 3955 732 4015 exprobrat
746 3954 800 4002 nisi
817 3954 933 4015 alicujus
955 3954 1009 4001 loci
1032 3953 1243 4014 obscuritatem,
1267 3951 1469 4014 disputationis

399 4042 543 4104 cujusdam
558 4041 750 4101 inutilitatem,
767 4047 794 4090 et
811 4043 865 4090 alia
879 4041 1037 4102 hujusmodi
1054 4055 1124 4103 quae
1135 4055 1191 4090 non
1206 4041 1318 4104 majoris
1333 4042 1468 4089 momenti

398 4136 472 4182 sunt.
496 4131 555 4180 Hoc
574 4135 680 4180 tanturn
703 4132 737 4180 de
759 4132 904 4180 dialectica
926 4130 1030 4180 dietum
1050 4131 1086 4179 sit
1098 4143 1104 4190 ;
1126 4145 1189 4180 nam
1211 4131 1240 4178 in
1258 4121 1321 4179 aliis
1341 4129 1469 4193 pbiloso-

399 4220 481 4282 pbiae
498 4221 632 4282 partibus,
646 4221 675 4268 in
687 4221 793 4280 Etbica,
802 4222 879 4271 verbi
895 4221 991 4284 gratia,
1003 4221 1115 4284 gravius
1128 4222 1161 4268 ab
1172 4219 1321 4270 Aristotele
1337 4218 1470 4268 dissentit

398 4309 492 4358 Vives.
