3284 5480
600 677 780 740 -105-

134 816 294 908 gaudeo
310 834 430 890 meum
451 815 624 890 calculum
646 833 725 888 oum
746 823 806 888 tuo
831 817 1052 899 consentire;
1076 816 1108 887 is
1125 835 1222 888 unns

135 948 209 1014 est
230 940 274 1014 de
289 959 439 1013 numero
459 959 582 1013 eorum
604 943 666 1033 qni
689 959 820 1014 nornen
843 942 982 1013 Erasmi
1002 941 1076 1013 sint
1096 940 1224 1013 obscu-

136 1063 296 1138 ratnri?
326 1091 342 1130 ι
376 1065 535 1139 Minime.
563 1065 711 1138 Annllo
740 1067 836 1139 enim
856 1066 1062 1159 aequalium
1090 1084 1222 1138 nomen

137 1189 297 1262 Erasmi
313 1189 542 1262 obscuratum
560 1190 647 1274 lnit;
663 1192 725 1263 sed
746 1192 784 1262 in
800 1191 1100 1264 Erasmianalnce
1114 1190 1224 1264 latere

136 1314 252 1386 Vivis
276 1333 406 1388 nomen
427 1315 594 1406 iniquum
613 1323 724 1398 esset,
754 1316 1048 1408 qnandoquidem
1069 1318 1221 1390 hicnon

140 1439 296 1510 minore
311 1440 407 1511 cultu
426 1440 562 1512 litteras
577 1448 788 1531 prosecutus
803 1447 856 1514 est
872 1441 1080 1534 indicioque
1094 1445 1225 1516 tutiore

142 1571 269 1636 toturn
291 1563 561 1655 disciplinarum
583 1567 798 1637 curriculum
824 1567 1066 1656 perlustravit.

206 1685 372 1760 Budaeus
391 1707 486 1770 vero,
509 1689 572 1780 qui
593 1690 718 1762 meritc
735 1691 946 1762 Graecarum
963 1690 1161 1764 litterarum
1184 1691 1223 1762 in

142 1815 270 1887 Gallia
289 1815 472 1888 restitutor
487 1822 631 1888 vocatus
650 1823 721 1897 est,
740 1816 916 1906 paneade
936 1817 1018 1889 aliis
1034 1817 1172 1890 artibus
1185 1825 1222 1891 et

143 1940 200 2012 de
219 1940 341 2032 pneris
356 1939 591 2012 instituendis
606 1939 785 2032 praecepit
809 1938 874 2033 (1).
894 1915 935 2012 10
957 1942 1014 2014 bis
1031 1943 1223 2033 praecipue

146 2065 299 2137 duobus
320 2065 460 2138 ridetur
480 2065 591 2138 inisse
613 2073 774 2138 versatus
797 2091 805 2139 :
831 2067 914 2139 trin
930 2067 1065 2140 tuendo
1087 2068 1224 2139 litteras

95 2211 106 2226 ·
147 2198 299 2263 renatas
337 2187 509 2263 adversus
545 2192 713 2263 homines
751 2193 814 2283 qni
853 2219 868 2256 c
906 2192 1153 2266 maledictis...
1190 2199 1225 2265 et

148 2313 339 2386 vatiniano
359 2313 442 2386 odio
463 2342 478 2378 ι
504 2333 564 2386 003
585 2322 620 2387 et
645 2333 800 2387 «earum
821 2315 1003 2388 studiosos
1027 2313 1112 2410 (1)»
1139 2335 1222 2407 pro-

149 2439 421 2530 sequebantur;
450 2441 487 2510 10
513 2439 551 2511 10
577 2439 789 2512 Hellenismi
824 2439 985 2514 studium
1012 2440 1163 2512 fovendo
1190 2447 1247 2512 et'

151 2565 452 2656 quamplurimis
473 2564 660 2657 discipulis
679 2567 840 2656 pervium
861 2565 1059 2638 reddendo.
1082 2567 1132 2637 Ex
1152 2586 1224 2656 quo

152 2697 305 2781 apparet
331 2689 434 2761 illum
466 2688 731 2762 «triumvirum
762 2717 777 2753 ›
814 2691 936 2782 potius
962 2689 1160 2764 litterarum
1190 2696 1225 2762 et

153 2816 370 2888 Hellenismi
394 2823 585 2907 patronum
610 2834 718 2905 quam
744 2833 937 2906 puerorum
959 2823 1223 2907 praeceptorem

153 2942 290 3025 fuisse,
328 2948 363 3014 et
392 2941 534 3013 dnobus
572 2940 653 3012 aliis
692 2939 888 3012 triumviris
926 2941 963 3011 in
1001 2941 1152 3012 summis
1190 2947 1225 3013 et

154 3067 359 3160 praecipuis
387 3072 526 3138 lantum
551 3066 678 3145 rebus,
706 3066 844 3137 nonin
876 3066 934 3138 bis
965 3065 1222 3138 minutioribus

156 3210 251 3282 quae
271 3191 317 3262 ad
345 3191 546 3263 scholarum
576 3190 733 3281 regimen
760 3191 964 3280 pertineant
988 3173 1124 3264 socium
1145 3207 1224 3262 sese

156 3316 357 3389 addidisse.

208 3444 248 3513 ln
266 3441 430 3532 pluribus
451 3442 583 3511 Remus
600 3440 720 3511 Vivem
743 3446 886 3511 secutus
906 3446 979 3522 est,
1002 3440 1052 3511 ita
1071 3447 1111 3511 nt
1125 3439 1224 3511 illins

159 3567 358 3658 discipulus
379 3565 584 3645 nonnullis,
607 3565 716 3636 immo
745 3565 938 3656 plagiarius
960 3564 1122 3656 scriptori
1152 3564 1225 3637 cui·

159 3692 240 3764 darn
264 3691 362 3763 risus
389 3690 495 3763 inerit
519 3686 583 3784 (3).
604 3688 681 3762 Viri
702 3689 848 3780 quidem
876 3691 1049 3772 assentit,
1071 3690 1145 3762 sire
1165 3690 1222 3762 in-

190 3933 223 3997 (i)
239 3907 271 3981 l'n
286 3945 369 3994 opere
385 3931 459 3993 quod
474 3931 653 3980 inscribitur:
670 3935 706 3979 Dc
722 3933 823 3980 Studio
840 3933 1000 3980 litterarum
1017 3935 1090 3980 recle
1106 3946 1137 3980 ae
1153 3945 1225 3979 com·

160 4026 242 4072 mode
264 4023 455 4080 instituendo,
474 4023 549 4069 totus
565 4020 621 4068 iore
638 4024 679 4068 est
698 4021 727 4067 in
743 4020 919 4068 confutandis
935 4020 989 4068 illis
1008 4020 1166 4068 horninibus
1177 4020 1225 4082 qui

159 4112 265 4161 litteras
281 4115 308 4160 01
321 4110 519 4159 Hellenismum
534 4109 741 4171 impugnabant.
756 4136 787 4144 -
802 4107 843 4158 Oi.
860 4109 979 4171 Robrica,
994 4123 1038 4172 op.
1056 4110 1101 4160 cit.

190 4200 223 4265 (2)
238 4206 275 4249 De
290 4201 391 4250 Studio
407 4200 577 4260 litterarum,
591 4202 651 4260 etc„
668 4197 713 4249 cit.
731 4197 803 4261 apud
820 4197 944 4260 Rebitid,
960 4213 987 4261 p.
1005 4198 1058 4259 181,
1077 4197 1130 4248 lea

190 4289 223 4352 (3)
239 4289 269 4338 P.
287 4287 391 4350 Rapin,
407 4288 567 4348 Rettcxions
587 4289 680 4335 sur-la
696 4288 875 4346 philosophie
890 4285 910 4349 (ξ
925 4284 992 4350 xxv)
1008 4300 1014 4334 ε
1031 4301 1044 4332 o
1059 4286 1161 4335 Ramus
1177 4300 1226 4334 co·
1309 4283 1312 4290 '

160 4378 235 4441 pie...
255 4375 341 4426 L'ouis
361 4374 446 4425 Vives
466 4389 537 4438 pour
557 4374 671 4438 s’erlger
693 4389 728 4424 en
747 4379 913 4424 novateur...
933 4392 945 4422 n
970 4375 1051 4439 Apud
1067 4375 1238 4438 Wadding-·

160 4475 217 4528 ton,
233 4473 348 4528 Romus,
364 4480 389 4528 p.
407 4465 461 4516 383.
920 4464 922 4468 ’
