3284 5480
892 527 1052 592 ...14-

485 666 641 749 Exinde,
663 667 761 740 omni
782 665 960 738 sermonis
983 673 1118 740 remota
1137 665 1268 758 ligura,
1289 665 1378 757 quid
1397 685 1509 758 agen·

435 793 521 864 duru
550 792 657 863 inlert
675 791 801 874 Vives,
823 791 958 864 seilicet
988 790 1218 883 profanorum
1244 793 1357 865 libros
1388 819 1403 856 ‹
1431 811 1508 864 non

436 917 513 989 tolli
546 923 731 1007 oportere,
766 915 830 988 sed
868 917 1112 1008 repurgari.»
1149 918 1215 988 Per
1250 917 1343 988 bane
1379 934 1507 1008 purga·

436 1041 571 1114 tionem
602 1039 636 1136 (a
666 1042 811 1114 nemine
843 1041 1004 1113 nondum
1040 1047 1233 1124 tentatam,
1263 1043 1337 1114 sive
1364 1041 1506 1114 inutilis

437 1167 513 1238 risa
539 1166 627 1247 lull,
657 1167 730 1238 sire
758 1167 867 1238 nimis
895 1164 1082 1259 difficilis),
1112 1173 1147 1239 et
1172 1167 1308 1239 litteras
1331 1167 1445 1240 colere
1471 1173 1508 1238 et

438 1309 555 1364 mores
577 1309 716 1364 serrare
734 1291 868 1363 licebit.
887 1330 934 1342 -
953 1315 970 1356 n
993 1292 1139 1363 Praeeal
1156 1309 1237 1384 ergo
1257 1291 1365 1372 riam,
1387 1291 1508 1382 inquit

438 1423 576 1497 noster,
599 1416 652 1486 rir
671 1414 803 1506 aliquis
824 1415 1028 1488 eruditione
1047 1433 1087 1486 ao
1104 1415 1282 1506 probitate
1302 1416 1461 1506 peritus,
1484 1441 1499 1478 ι

437 1540 501 1632 qui
522 1541 589 1612 boe
606 1558 696 1631 opus
719 1541 789 1612 sibi
807 1547 982 1622 assumat,
1004 1547 1039 1612 et
1061 1567 1076 1605 ‹
1096 1540 1153 1614 uui
1174 1559 1239 1613 nos
1261 1539 1447 1614 credamus
1466 1557 1508 1612 au

438 1673 582 1740 nostros
602 1665 697 1738 lilios
720 1661 785 1760 (l).
810 1689 827 1733 n
851 1664 1027 1738 conlectis
1047 1665 1143 1738 enim
1166 1665 1432 1757 exemplaribus
1460 1665 1505 1736 ad

439 1809 544 1862 usum
565 1808 756 1881 puerorum
786 1790 982 1880 inquibus
1011 1790 1203 1862 ‹obsoeua
1226 1791 1264 1862 ln
1291 1797 1405 1863 totum
1433 1809 1506 1862 res-

440 1917 563 1988 cissa»
585 1915 718 1988 luerint
735 1912 782 2009 (l)
802 1917 939 1988 nemini
956 1916 1052 1988 bono
1070 1916 1145 1988 viro
1165 1916 1370 1989 indubium
1389 1917 1506 1989 reniet

446 2066 461 2103 ‹
486 2040 575 2130 quin
607 2047 763 2130 praestet
792 2040 845 2112 rel
879 2059 901 2111 a
930 2040 1137 2113 christianis
1167 2041 1278 2132 aeoipi
1308 2041 1504 2113 doctrinam

440 2164 673 2237 christianam
695 2167 748 2238 vel
769 2183 811 2238 er
834 2166 1067 2238 monimentis
1087 2165 1281 2258 impiorum
1300 2165 1368 2260 (3).
1391 2194 1408 2232 ι

490 2289 583 2374 Quid
604 2307 750 2361 neeesse
769 2296 824 2361 est
843 2289 960 2362 dicere
982 2291 1123 2371 vivom,
1148 2291 1234 2363 dum
1255 2291 1366 2364 libros
1387 2291 1503 2382 prola·
1595 2291 1601 2300 '

440 2431 569 2486 norum
598 2422 811 2505 expurgatos
841 2415 878 2486 in
908 2416 1041 2488 sobolis
1069 2416 1144 2489 rult
1171 2435 1250 2490 esse
1278 2418 1503 2501 retinendos,

440 2538 589 2612 minime
616 2540 728 2612 libros
752 2541 1027 2615 christianorum
1054 2543 1245 2634 prohibere
1267 2543 1505 2635 scriptorum?

341 2666 348 2698 ²
440 2682 575 2756 eosque
601 2666 637 2736 in
667 2668 794 2758 primis
821 2668 1072 2741 commendare
1097 2671 1240 2752 Patres,
1263 2669 1325 2760 qni
1354 2688 1397 2742 ex
1423 2670 1502 2742 dlu-

440 2794 547 2860 turna
571 2808 651 2861 oum
677 2792 837 2883 profanis
865 2793 1126 2866 consuetudine
1150 2793 1345 2884 plurimum
1374 2793 1505 2867 lruolus

410 2949 413 2954 ·
440 2931 630 3005 perrepere
649 2921 683 2988 et
703 2917 865 3008 exemplo
882 2924 967 2990 sunt
983 2918 1163 3007 quomodo
1185 2946 1200 2983 ‹
1216 2920 1262 2992 ab
1278 2919 1504 3012 Aegyptianls

440 3039 619 3111 thesauris
646 3042 820 3132 templum
846 3043 909 3113 liei
938 3043 1141 3116 ornandum
1171 3045 1219 3117 sil
1240 3043 1280 3116 »i
1299 3053 1334 3118 ot
1363 3045 1504 3117 domum

441 3183 559 3238 sacras
593 3165 729 3238 litteras
762 3168 852 3240 velle
884 3168 1030 3241 assidue
1061 3170 1229 3254 lectitari,
1252 3178 1292 3244 ut
1319 3178 1354 3243 et
1378 3173 1506 3262 pietate

441 3290 598 3381 pueriles
617 3291 730 3363 animi
750 3293 960 3366 imbuantur
980 3301 1014 3367 et
1039 3322 1054 3359 ‹
1076 3295 1253 3368 nonnulla
1271 3302 1442 3386 tanquam
1462 3295 1506 3367 ad

443 3415 588 3488 morbos
609 3416 801 3489 remedia»
828 3437 869 3490 er
890 3418 935 3491 iis
956 3417 1141 3492 delibem?
1250 3454 1253 3464 ·

490 3539 587 3611 Nihil
607 3539 821 3630 prudentius
841 3550 903 3616 aut
922 3543 1137 3634 relligiosius
1153 3545 1219 3618 hae
1232 3545 1353 3618 Vivioa
1370 3552 1508 3618 senten·

442 3662 493 3735 tia
512 3663 556 3735 de
576 3671 675 3737 tanta
702 3646 914 3757 quaestione
938 3667 1128 3760 excogitari
1156 3676 1292 3760 potest;
1319 3671 1413 3743 bane
1431 3689 1506 3742 om-

443 3806 509 3861 nes
543 3796 690 3863 tenuere
723 3791 882 3883 magistri
916 3792 1049 3883 quibus
1079 3793 1177 3865 oordi
1207 3793 1275 3866 luit
1304 3801 1339 3867 et
1369 3813 1508 3868 morum

474 4123 507 4193 (1)
523 4133 561 4178 De
578 4127 746 4189 Tradendle,
762 4127 817 4182 269.

476 4217 508 4281 (a)
525 4217 606 4276 reru,
623 4217 676 4268 aaa.

477 4303 512 4371 (a)
527 4305 608 4366 reru,
623 4305 678 4356 en.
