3284 5480
587 660 747 722 ...41-

131 798 192 870 bis
210 798 367 870 tenenda
385 797 446 870 sit.
468 795 498 870 Ε
515 799 605 872 lecto
624 804 747 890 surgat
765 815 854 889 puer
879 825 895 862 ‹
914 797 985 872 lore
1004 816 1084 871 cum
1106 795 1195 882 sole,

132 923 195 1014 qui
217 931 271 996 est
290 923 361 996 dun
384 925 586 1006 Musarum,
609 951 625 989 ›
651 931 686 998 et
705 924 825 996 statim
845 925 1033 998 lectionem
1059 923 1194 998 audiat.

131 1047 271 1120 Deinde
294 1047 433 1139 aliquid
454 1055 573 1121 sumat
596 1048 680 1122 cibi.
703 1051 920 1134 Quaternam
940 1050 978 1120 iu
999 1049 1057 1122 die
1085 1049 1195 1122 relec-

131 1171 267 1246 tionem
292 1172 454 1245 concedit
479 1173 600 1254 Vives,
630 1172 765 1246 scilicet
783 1173 950 1257 silatum,
981 1173 1195 1266 prandium,

132 1297 340 1370 merendam
371 1299 424 1371 vel
449 1299 716 1380 antecoenium,
744 1305 780 1370 et
806 1317 967 1371 coenam.
995 1299 1065 1371 Sed
1094 1277 1198 1372 raldo

130 1421 305 1513 praecipit
326 1441 372 1494 ne
394 1422 476 1513 plus
503 1421 629 1494 edatur
654 1441 761 1514 quam
790 1449 804 1486 a
833 1429 1005 1513 quiantum
1032 1429 1086 1495 est
1110 1421 1198 1495 satis

132 1563 207 1616 non
228 1545 273 1616 ad
293 1545 511 1638 expleudum
530 1547 593 1618 sed
608 1546 653 1619 ad
671 1547 854 1619 alendum.
874 1573 890 1611 ›
912 1547 1022 1620 Cibus
1039 1547 1085 1620 sit
1104 1573 1119 1611 ι
1139 1566 1199 1638 pa·

132 1669 271 1751 rabilis,
292 1689 418 1761 purus,
441 1678 608 1744 concoctu
629 1670 756 1743 facilis.
780 1698 795 1735 »
822 1674 930 1744 Pctus
951 1690 1031 1744 vero
1051 1672 1099 1744 sit
1117 1671 1198 1742 aliis

140 1821 156 1857 ‹
176 1794 303 1886 frigida
321 1802 356 1868 et
374 1796 515 1886 liquida
531 1816 638 1888 aqua,
656 1797 738 1868 aliis
756 1797 904 1868 cervisia
921 1797 1055 1880 tenuis,
1074 1796 1198 1887 paucis

133 1924 169 1990 et
188 1939 267 1992 raro
289 1901 411 1992 vinum
428 1927 463 1992 et
481 1921 574 1993 bene
594 1920 762 1993 dilutum.
782 1946 797 1984 ›
819 1922 912 1992 llaec
928 1939 1009 1994 reru
1029 1921 1199 1992 alimenta

132 2063 207 2117 nou
225 2045 382 2136 amplius
401 2045 569 2137 discipuli
588 2066 610 2118 a
626 2047 831 2138 paedagogo
846 2054 980 2128 emant,
997 2047 1059 2118 sed
1082 2071 1097 2110 ‹
1117 2045 1199 2117 beb-
1279 2045 1283 2052 '

132 2169 306 2242 domatim
323 2170 473 2261 eligatur
491 2190 588 2242 unus
607 2189 649 2242 ex
671 2170 856 2242 sodalibus
879 2171 942 2261 qui
962 2171 1009 2242 sit
1030 2171 1125 2242 velut
1143 2189 1199 2241 ar·

132 2294 381 2388 chitriclinus3
399 2295 431 2365 is
451 2302 549 2368 curet
569 2295 721 2386 singulis
740 2294 868 2367 diebus
885 2295 1055 2367 emendas
1074 2294 1198 2386 epulas

132 2425 174 2490 ut
190 2416 307 2490 omnis
324 2425 495 2509 quaestus
510 2421 649 2491 occasio
660 2420 849 2491 revellatur
864 2439 885 2490 a
902 2419 1047 2491 scholis.
1062 2446 1077 2484 r
1094 2419 1196 2490 lllum

133 2561 216 2615 vero
245 2543 550 2627 architriclinum,
584 2562 690 2634 qrrem
725 2544 882 2635 reperias
911 2545 947 2615 iu
981 2544 1196 2634 quibusdam

133 2668 242 2758 hujus
267 2669 392 2740 aetatis
412 2668 592 2760 collegiis,
614 2669 822 2759 praesertim
844 2669 880 2740 iu
908 2697 923 2733 ‹
945 2670 1099 2743 Fuxensl
1127 2670 1199 2741 col-

134 2791 238 2884 legio,
257 2818 272 2856 r
294 2794 442 2864 Tolosae
462 2794 640 2877 instituto,
663 2793 855 2886 paedagogi
872 2794 1108 2886 integritatem
1126 2813 1199 2866 ser·

132 2935 236 2989 rasse
256 2917 377 3000 credo,
398 2918 461 2990 sed
482 2919 600 3009 ipsum
621 2937 745 2991 rursus
762 2926 832 2990 tam
853 2919 1047 2992 multorum
1064 2919 1198 2991 iucom-

133 3039 321 3112 modorum
355 3049 417 3113 aut
448 3042 615 3115 uitiorum
649 3043 871 3115 occasionem
906 3043 1018 3115 luisse
1053 3049 1091 3115 ut
1126 3062 1198 3115 non

132 3165 244 3238 mirer
263 3165 292 3236 si
317 3165 499 3256 usquead
525 3174 683 3238 nostram
711 3175 862 3240 aetatem
888 3186 961 3238 non
982 3168 1196 3257 pervenerit.

184 3293 282 3376 Quae
302 3308 383 3362 vero
403 3290 507 3363 Vives
532 3291 576 3364 de
598 3293 876 3365 recreationibus
899 3293 1015 3382 deque
1040 3291 1198 3382 corporis

133 3414 388 3489 exercitatione
415 3417 576 3507 scripsit,
604 3417 798 3490 diuturnus
824 3437 911 3490 usus
941 3417 1196 3510 comprobarit,

131 3540 238 3612 detur
263 3539 300 3611 iu
331 3540 439 3612 medii
471 3541 547 3613 aevi
575 3541 706 3613 scholis
740 3560 813 3613 non
845 3543 997 3614 multum
1028 3543 1198 3634 temporis

133 3662 367 3754 quotidianae
393 3665 601 3736 recreationi
634 3665 807 3737 tributum
839 3666 977 3750 luisso;
1006 3673 1100 3739 totus
1128 3665 1199 3740 lere

133 3789 212 3861 dies
241 3809 264 3860 a
292 3789 480 3880 discipulis
512 3790 768 3863 absumebatur
799 3793 851 3863 uel
891 3792 1098 3883 magistrum
1131 3813 1196 3864 au·

133 3913 288 3995 diendo,
312 3914 367 3985 vel
385 3914 507 3986 audita
533 3916 763 4010 revolvendo,
795 3918 845 3987 vel
875 3917 944 4007 piis
973 3916 1197 3990 exercitatio·

133 4038 245 4111 nibus
278 4037 462 4120 vacando;
501 4038 639 4129 aliquid
670 4040 759 4130 jocis
794 4048 856 4112 aut
892 4041 1199 4121 ambulationibus

133 4171 276 4237 tantum
292 4164 553 4237 concedebatur
568 4164 697 4238 diebus
712 4163 833 4242 Martis
848 4172 883 4241 et
899 4167 916 4239 J
920 4166 994 4238 ovis
1014 4162 1078 4264 (l).
1098 4163 1199 4254 Quod

164 4445 198 4511 (l)
214 4443 258 4498 Gi.
274 4443 433 4510 Quicherat,
449 4459 493 4510 op.
508 4447 554 4500 eit.
