3284 5480
902 633 1063 698 -td-

379 793 383 802 ·
450 771 512 844 ille
527 771 589 863 qui
608 772 693 844 vitia
712 775 869 844 veterum
889 769 1093 844 scholarum
1113 769 1309 863 increpavit
1324 777 1359 844 et
1378 769 1523 862 porrul-

450 904 530 989 gata
553 897 650 981 iecit,
674 897 820 970 virtutes
842 913 922 970 vero
945 913 1116 968 novarum
1142 896 1195 968 rel
1220 896 1361 988 negarit
1388 896 1448 969 vei
1473 903 1522 967 ta·

451 1021 525 1094 ruit
542 1018 610 1115 (l).

500 1145 645 1219 Minime
665 1163 746 1238 ergo
767 1145 971 1218 mirandum
991 1153 1046 1218 est
1066 1145 1097 1218 si
1114 1145 1160 1218 de
1174 1143 1246 1218 illis
1262 1145 1396 1218 scholis
1414 1143 1522 1215 Vires

451 1287 597 1361 quoque
634 1272 744 1344 tacuit
774 1289 886 1362 quum
918 1271 997 1362 ipse
1033 1269 1078 1343 de
1112 1268 1364 1343 constituenda
1394 1257 1524 1341 schola

451 1394 643 1486 praecepit.
664 1394 754 1468 Vide
778 1413 860 1468 raro
887 1401 1022 1486 quanta
1049 1395 1226 1487 sapientia
1246 1401 1280 1468 et
1304 1399 1445 1485 quanto
1467 1393 1522 1484 ju·

448 1515 545 1591 dicio
562 1518 704 1610 singula
718 1521 771 1592 vel
792 1519 1036 1592 minutissima
1054 1536 1147 1611 quae
1163 1517 1209 1592 ad
1228 1537 1307 1592 eam
1326 1535 1402 1590 reru
1425 1531 1522 1608 spec

453 1647 528 1716 tant
546 1642 743 1734 provideat.

506 1767 591 1840 «lie
610 1767 688 1840 loeo
708 1769 864 1859 primum
885 1768 1077 1842 dicendum
1097 1775 1199 1850 est»
1225 1767 1288 1850 ait,
1311 1786 1395 1840 nam
1420 1768 1521 1838 locus

451 1891 489 1962 iu
510 1892 762 1965 constituenda
781 1893 904 1966 schola
921 1893 1118 1966 'maximum
1146 1893 1255 1966 habel
1275 1896 1517 1964 momentum.

453 2016 576 2106 ltaque
605 2023 745 2108 oportet
775 2041 783 2089 :
818 2021 852 2088 l⁰
871 2018 1007 2090 caelum
1029 2017 1077 2090 sit
1105 2017 1272 2100 salubre;
1296 2019 1332 2088 2⁰
1351 2017 1522 2108 suppetat

451 2139 703 2213 alimentorum
725 2141 850 2232 copia;
874 2145 911 2214 5⁰
931 2143 979 2215 sit
1006 2143 1105 2215 locus
1124 2121 1310 2234 separatus
1330 2141 1428 2214 reia
1454 2137 1520 2209 ire

452 2265 599 2354 quentia
625 2265 815 2358 opiticum,
844 2292 859 2331 ‹
885 2267 946 2357 qni
968 2267 1156 2358 strepitum
1176 2273 1212 2340 et
1237 2284 1386 2358 magnos
1405 2263 1520 2337 edunt

452 2405 575 2470 sonos,
598 2414 614 2452 ›
639 2389 692 2462 rel
715 2408 736 2460 a
754 2390 924 2462 comitatu
944 2389 1039 2482 regio
1065 2415 1080 2454 ‹
1102 2390 1165 2480 qui
1185 2391 1257 2462 otio
1276 2407 1318 2462 ac
1336 2389 1445 2462 malis
1465 2403 1519 2457 ar·

337 2529 340 2534 ·
452 2511 549 2586 tibus
566 2511 693 2586 inritat
713 2512 819 2587 rudes
839 2513 999 2596 animos,
1021 2540 1036 2577 »
1060 2515 1113 2586 rel
1130 2533 1152 2585 a
1168 2512 1367 2605 puellarum
1389 2509 1519 2584 ricinia

453 2655 546 2728 quae
564 2637 728 2710 alliciunt
747 2645 898 2711 aetatem
920 2638 1053 2711 claudo
1074 2639 1168 2711 malo
1188 2637 1401 2720 obnoxiam,
1423 2636 1518 2708 vela

451 2761 596 2852 publico
616 2761 744 2836 itinere
764 2781 809 2834 ne
836 2764 1113 2836 commeantium
1145 2763 1300 2836 novitate
1325 2767 1518 2836 avocentur

452 2886 498 2959 ab
524 2905 630 2978 opere
658 2889 769 2960 animi
801 2889 1095 2962 scholasticorum
1118 2911 1126 2972 ;
1156 2893 1192 2960 d⁰
1222 2896 1441 2962 nontamen
1473 2884 1518 2957 sit

452 3011 601 3083 omnino
619 3011 828 3103 infrequens
848 3013 910 3085 ille
924 3012 1035 3095 locus,
1052 3032 1098 3086 nc
1113 3014 1271 3106 magistri
1288 3021 1434 3086 careant
1453 3018 1518 3083 tes·

453 3135 550 3208 tibus
577 3135 640 3226 qui
665 3154 726 3209 eos
757 3137 952 3228 inspiciant
980 3144 1014 3210 et
1040 3137 1077 3209 in
1105 3137 1221 3210 officio
1246 3137 1438 3212 retineant.
1462 3132 1516 3207 Nil

452 3265 572 3332 autem
592 3259 636 3334 de
656 3261 735 3352 ipsa
754 3261 861 3334 domo
877 3268 912 3334 ct
926 3262 970 3336 de
983 3263 1134 3336 diversis
1149 3265 1227 3356 ejus
1244 3262 1407 3355 partibus
1423 3266 1515 3337 certo
1573 3321 1579 3338 .

453 3383 579 3456 ordine
599 3383 836 3476 disponendis
855 3386 959 3460 Vives
979 3386 1077 3460 dicit.

502 3509 539 3580 Si
559 3527 631 3580 non
653 3509 820 3584 distincte
844 3510 971 3584 delinit
990 3531 1082 3602 quae
1109 3515 1182 3586 sint
1201 3513 1414 3605 quotidiana
1437 3527 1514 3586 cum

455 3633 703 3723 magistrorum
736 3642 810 3706 tum
841 3635 1099 3728 discipulorum
1130 3637 1263 3720 officia,
1293 3645 1452 3712 attamen
1479 3638 1514 3708 in

454 3756 530 3829 suis
549 3757 700 3850 dialogis
724 3758 776 3852 (i)
795 3759 883 3830 salis
909 3769 1030 3852 aperte
1065 3763 1185 3835 innuit
1213 3781 1305 3854 quae
1334 3766 1456 3855 regula
1480 3761 1514 3831 in
1563 3765 1568 3774 '

453 4051 588 4116 praecipit
612 4051 646 4101 de
673 4054 851 4115 prutenorum
877 4056 1009 4104 librorum
1031 4057 1158 4110 lectione.
1174 4057 1259 4109 -Gl,
1280 4059 1349 4107 abbe
1369 4059 1513 4114 Daeheux,

453 4144 544 4191 Elude
559 4155 610 4190 sur
624 4144 721 4191 Galles.

484 4230 521 4294 (l)
535 4230 577 4282 Cf.
594 4230 699 4281 Geston
716 4231 853 4296 neugma,
872 4237 1002 4297 tiresiae,
1019 4249 1046 4297 p.
1065 4236 1110 4287 397
1126 4250 1132 4286 :
1154 4251 1166 4283 «
1188 4237 1209 4286 ll
1232 4239 1334 4287 semble
1354 4238 1461 4291 n'evoir
1480 4250 1513 4288 vu

453 4325 564 4386 partout
580 4335 634 4385 que
649 4323 775 4372 barbarie
791 4328 817 4373 et
832 4323 990 4387 ignorance.
1008 4341 1019 4372 e

484 4409 518 4477 (2)
532 4413 660 4474 dioptrae
675 4414 780 4462 latinae
797 4415 969 4464 exercitatio.
984 4439 1014 4450 -
1027 4412 1069 4466 Gi.
1086 4414 1166 4476 inire,
1181 4429 1205 4466 c.
1221 4416 1268 4477 IV,
1282 4421 1332 4467 art,
1346 4429 1377 4468 11.
