3284 5480
910 595 1071 658 ..56-

456 735 592 828 patriae
607 751 809 808 sermonem
826 731 916 806 adeo
934 738 1148 824 aspernatur
1167 738 1206 805 ut
1222 731 1338 805 dicat:
1355 758 1372 797 ‹
1388 731 1501 804 absum

455 859 501 930 ab
522 857 708 932 llollandis
735 857 870 948 linguis
895 876 988 948 quae
1006 857 1202 949 plurimum
1223 875 1352 930 nocere
1371 863 1501 937 norunt.

457 983 547 1055 nulli
563 989 682 1055 antem
699 982 870 1073 prodesse
887 977 1116 1073 didicerunt(
1122 981 1199 1072 l)‚»
1217 982 1321 1055 Vives
1333 981 1505 1074 llispanica

457 1107 633 1181 etGallicc
649 1107 808 1199 loquitur
826 1113 860 1178 et
878 1107 1035 1198 linguam
1048 1107 1256 1178 Batavorum
1275 1101 1503 1198 intelligilll).

457 1233 569 1304 lmrno
590 1231 760 1323 praecipit
780 1237 818 1302 ut
838 1237 904 1303 ‹et
919 1229 1016 1302 domi
1031 1249 1054 1301 a
1069 1229 1279 1322 parentibus
1298 1237 1332 1304 et
1350 1231 1388 1302 in
1403 1230 1507 1303 schola

455 1373 478 1426 a
497 1362 723 1448 praeceptore
746 1353 851 1428 vietur
873 1373 981 1447 opera
1000 1361 1040 1427 nt
1060 1354 1210 1446 patriam
1238 1354 1397 1447 linguam
1422 1351 1507 1446 pueri
1566 1349 1567 1362 '

456 1479 549 1552 bene
575 1487 705 1554 sonent
729 1477 792 1572 (5).
816 1506 831 1544 ι
858 1480 1024 1571 Magister
1047 1479 1123 1571 ipso
1148 1480 1373 1552 vernaculam
1398 1496 1508 1571 puero

458 1621 535 1676 rum
563 1603 720 1696 linguam
742 1611 944 1696 cognoscat,
966 1623 1039 1695 qua
1056 1604 1189 1696 possit,
1211 1605 1242 1678 si
1262 1623 1318 1677 res
1345 1606 1508 1698 postulat,

457 1727 587 1802 clarius
598 1735 633 1802 et
648 1727 786 1800 facilius
802 1727 961 1802 eruditas
975 1729 1115 1820 linguas
1131 1728 1258 1802 docere
1276 1727 1349 1824 (l);
1367 1747 1433 1802 nec
1444 1745 1510 1801 vere

259 1917 265 1928 .
369 1949 373 1959 „
457 1851 1171 1944 eruditusilleltomoappellanvlusest.
1194 1853 1350 1944 quinon
1377 1860 1511 1926 ‹vetns
1576 1841 1577 1852 *

458 1977 541 2049 tatis
571 1976 714 2068 linguae
750 1978 886 2068 patriae
919 1978 1127 2050 memoriam
1155 1984 1252 2050 tonet
1284 1986 1319 2051 et
1351 1977 1511 2070 cognitio-

458 2120 539 2174 nem
565 2119 637 2173 non
666 2100 771 2172 modo
794 2101 984 2174 verborum
1010 2102 1205 2174 recentium
1235 2103 1299 2174 scd
1325 2103 1511 2194 priscorum

458 2243 621 2319 quoque,
651 2251 666 2289 ι
694 2243 760 2298 nec
788 2225 869 2315 qui.
903 2232 943 2297 ut
981 2225 1218 2316 «praelectus
1251 2226 1398 2317 quidam
1426 2243 1512 2298 aera·

459 2351 502 2422 rii
530 2349 585 2442 (6)
606 2377 621 2415 ι
655 2368 701 2422 ne
724 2349 864 2441 aliquid
891 2349 936 2423 cle
964 2367 1007 2423 ea
1032 2349 1199 2443 depereat
1224 2350 1327 2423 valde
1351 2351 1514 2423 sollicitus

457 2481 525 2548 esi.

509 2599 602 2672 llaec
621 2605 824 2692 praecepta.
845 2605 917 2670 tam
937 2598 1084 2672 insolita
1102 2598 1198 2692 apud
1218 2598 1380 2690 ejnsvlem
1401 2597 1515 2672 acutis

458 2722 632 2806 eruditos,
655 2723 781 2796 statuit
799 2725 916 2806 Vives,
939 2725 1024 2814 quia
1044 2724 1226 2816 Hispanus
1247 2732 1314 2805 ost.
1332 2743 1374 2798 ca
1394 2723 1516 2796 scilicet

458 2855 563 2940 gente
588 2866 679 2939 quac
702 2866 803 2921 suam
830 2847 989 2941 linguam
1009 2849 1120 2920 armis
1140 2855 1179 2921 ut
1198 2850 1314 2921 solum
1337 2850 1454 2941 ipsum
1478 2867 1516 2920 en

459 2972 615 3044 Arabum
634 2972 819 3044 dominatu
837 2971 1090 3058 vindicaverat,
1102 2979 1137 3045 et
1151 2991 1243 3063 quae
1260 2974 1385 3047 eodem
1406 2990 1517 3046 amore
1612 2957 1613 2960 ‘

461 3104 588 3168 terram
614 3097 765 3188 patriam
787 3096 1016 3188 patriumque
1042 3115 1243 3170 sermonem
1265 3099 1514 3190 complecteba-

460 3227 517 3294 tur
533 3217 598 3314 (6).
614 3221 691 3292 Non
710 3220 891 3293 existimat
908 3228 1026 3292 tamen
1046 3222 1253 3294 vernaculas
1269 3221 1410 3315 linguas
1424 3219 1518 3294 adhi-

459 3346 596 3420 bendas
623 3363 703 3418 esse
734 3346 779 3419 ad
816 3346 1045 3418 scribendum
1077 3347 1122 3420 dc
1154 3348 1261 3420 rebus
1294 3348 1514 3421 altioribus:

489 3573 522 3636 (1)
534 3572 620 3636 Epist.
634 3574 667 3622 ad
677 3573 822 3623 Nicolaum
836 3573 967 3636 Wcinor‚
977 3574 1023 3624 eit.
1034 3575 1107 3637 apud
1116 3574 1289 3624 Massebieau
1301 3588 1307 3624 :
1322 3579 1374 3624 Les
1384 3578 1518 3635 colloquor

460 3665 602 3720 moleiras,
617 3677 642 3725 p.
655 3663 692 3712 36.
706 3663 828 3712 Joannes
840 3663 980 3712 Sturmius
997 3677 1117 3726 quoquc,
1130 3664 1176 3726 qui
1191 3665 1347 3727 paulopost
1361 3665 1519 3727 scriptorum

460 3751 621 3800 Vivicorum
636 3752 795 3813 editionem,
810 3752 957 3815 collegium
972 3754 1080 3802 colubro
1096 3753 1217 3803 instituit
1234 3751 1314 3816 (1538)
1327 3754 1356 3801 in
1372 3768 1426 3816 qno
1440 3752 1520 3801 multa

459 3853 476 3888 e
490 3839 560 3889 Vivo
576 3841 746 3904 praescripta
761 3842 790 3889 in
805 3855 859 3890 usu
874 3841 968 3890 habita
983 3842 1077 3902 luero,
1092 3843 1255 3892 vernaculas
1275 3843 1385 3906 linguas
1403 3847 1518 3892 contem-

460 3931 542 3979 nebat
556 3944 648 3993 noque
663 3945 709 3980 cas
724 3932 818 3980 doceri
834 3933 975 3984 volebat...
989 3959 1020 3968 -
1032 3930 1073 3982 Ol.
1091 3932 1229 3991 Schmidt,
1245 3935 1336 3981 Eteocle
1353 3947 1403 3982 sur
1417 3937 1517 3984 Sturrn.

491 4020 524 4082 (i)
540 4020 570 4069 ld
585 4024 703 4070 testatur
717 4020 856 4081 Erasmus,
875 4022 955 4085 epist.
972 4021 1026 4073 385.
1041 4049 1073 4058 -
1088 4021 1129 4072 Gi.
1143 4022 1325 4081 Masscbioan,
1342 4037 1387 4086 op.
1405 4023 1448 4072 cit.

491 4109 524 4172 (3)
539 4113 576 4158 Dc
594 4112 761 4172 Tondendis,
777 4109 830 4160 298.

491 4196 523 4261 (l)
539 4197 619 4257 loiri..
635 4197 689 4249 306.

490 4288 523 4353 (5)
537 4288 618 4347 inid„
635 4288 689 4338 307.

491 4379 523 4442 (6)
540 4378 581 4431 Ol.
598 4378 780 4440 Masscbicau,
796 4393 841 4443 op.
858 4379 915 4441 cit..
932 4395 957 4445 p.
974 4379 1027 4432 1θῖ.
