<?xml version="1.0" encoding="UTF-8"?>
<!DOCTYPE html PUBLIC "-//W3C//DTD XHTML 1.0 Transitional//EN"
    "http://www.w3.org/TR/xhtml1/DTD/xhtml1-transitional.dtd">
<html xmlns="http://www.w3.org/1999/xhtml" xml:lang="en" lang="en">
 <head>
  <title>
</title>
<meta http-equiv="Content-Type" content="text/html;charset=utf-8" />
  <meta name='ocr-system' content='tesseract 3.04.00' />
  <meta name='ocr-capabilities' content='ocr_page ocr_carea ocr_par ocr_line ocrx_word'/>
</head>
<body>
  <div class='ocr_page' id='page_1' title='image "./quiddepuerisins00arnagoog_0085.png"; bbox 0 0 3284 5480; ppageno 0'>
   <div class='ocr_carea' id='block_1_1' title="bbox 531 538 689 598">
    <p class='ocr_par' dir='ltr' id='par_1_1' title="bbox 531 538 689 598">
     <span class='ocr_line' id='line_1_1' title="bbox 531 538 689 598; baseline 0.006 -15"><span class='ocrx_word' id='word_1_1' title='bbox 531 538 689 598; x_wconf 80' lang='lat'>..75-</span> 
     </span>
    </p>
   </div>
   <div class='ocr_carea' id='block_1_2' title="bbox 30 673 1145 2754">
    <p class='ocr_par' dir='ltr' id='par_1_2' title="bbox 144 673 1141 767">
     <span class='ocr_line' id='line_1_2' title="bbox 144 673 1141 767; baseline -0.01 -13"><span class='ocrx_word' id='word_1_2' title='bbox 144 699 242 755; x_wconf 85' lang='lat' dir='ltr'><strong>neeesse</strong></span> <span class='ocrx_word' id='word_1_3' title='bbox 259 683 317 759; x_wconf 85' lang='lat' dir='ltr'><strong>ost,</strong></span> <span class='ocrx_word' id='word_1_4' title='bbox 339 677 474 767; x_wconf 83' lang='lat' dir='ltr'><strong>quippe</strong></span> <span class='ocrx_word' id='word_1_5' title='bbox 497 693 609 766; x_wconf 86' lang='lat' dir='ltr'><strong>qnae,</strong></span> <span class='ocrx_word' id='word_1_6' title='bbox 631 682 671 747; x_wconf 94' lang='lat' dir='ltr'><strong>ut</strong></span> <span class='ocrx_word' id='word_1_7' title='bbox 695 677 768 766; x_wconf 85' lang='lat' dir='ltr'><strong>jam</strong></span> <span class='ocrx_word' id='word_1_8' title='bbox 794 674 927 747; x_wconf 86' lang='lat' dir='ltr'><strong>dietum</strong></span> <span class='ocrx_word' id='word_1_9' title='bbox 955 681 1027 752; x_wconf 89' lang='lat' dir='ltr'><strong>est,</strong></span> <span class='ocrx_word' id='word_1_10' title='bbox 1050 673 1141 744; x_wconf 87' lang='lat' dir='ltr'><strong>nihil</strong></span> 
     </span>
    </p>

    <p class='ocr_par' dir='ltr' id='par_1_3' title="bbox 126 799 1144 1388">
     <span class='ocr_line' id='line_1_3' title="bbox 138 799 1144 892; baseline -0.006 -15"><span class='ocrx_word' id='word_1_11' title='bbox 138 805 204 878; x_wconf 88' lang='lat' dir='ltr'><strong>allud</strong></span> <span class='ocrx_word' id='word_1_12' title='bbox 217 804 253 876; x_wconf 89' lang='lat' dir='ltr'><strong>sit</strong></span> <span class='ocrx_word' id='word_1_13' title='bbox 270 801 331 873; x_wconf 90' lang='lat' dir='ltr'><strong>nisi</strong></span> <span class='ocrx_word' id='word_1_14' title='bbox 352 799 536 874; x_wconf 76' lang='lat' dir='ltr'><strong>dialectiea</strong></span> <span class='ocrx_word' id='word_1_15' title='bbox 555 801 786 892; x_wconf 82' lang='lat' dir='ltr'><strong>peripatetica</strong></span> <span class='ocrx_word' id='word_1_16' title='bbox 804 800 974 872; x_wconf 86' lang='lat' dir='ltr'><strong>omnibus</strong></span> <span class='ocrx_word' id='word_1_17' title='bbox 995 806 1144 891; x_wconf 88' lang='lat' dir='ltr'><strong>purgata</strong></span> 
     </span>
     <span class='ocr_line' id='line_1_4' title="bbox 136 924 1139 1018; baseline -0.007 -17"><span class='ocrx_word' id='word_1_18' title='bbox 136 929 200 1001; x_wconf 79' lang='lat' dir='ltr'><strong>titiis</strong></span> <span class='ocrx_word' id='word_1_19' title='bbox 218 927 337 1018; x_wconf 83' lang='lat' dir='ltr'><strong>nuilus</strong></span> <span class='ocrx_word' id='word_1_20' title='bbox 353 924 471 999; x_wconf 91' lang='lat' dir='ltr'><strong>medio</strong></span> <span class='ocrx_word' id='word_1_21' title='bbox 491 943 576 998; x_wconf 89' lang='lat' dir='ltr'><strong>aevo</strong></span> <span class='ocrx_word' id='word_1_22' title='bbox 597 924 806 998; x_wconf 80' lang='lat' dir='ltr'><strong>decurrente</strong></span> <span class='ocrx_word' id='word_1_23' title='bbox 826 924 993 997; x_wconf 84' lang='lat' dir='ltr'><strong>intestata</strong></span> <span class='ocrx_word' id='word_1_24' title='bbox 1013 924 1139 995; x_wconf 88' lang='lat' dir='ltr'><strong>luerat.</strong></span> 
     </span>
     <span class='ocr_line' id='line_1_5' title="bbox 133 1048 1143 1141; baseline -0.004 -18"><span class='ocrx_word' id='word_1_25' title='bbox 133 1051 202 1138; x_wconf 80' lang='lat' dir='ltr'><strong>Quod</strong></span> <span class='ocrx_word' id='word_1_26' title='bbox 217 1058 244 1123; x_wconf 92' lang='lat' dir='ltr'><strong>et</strong></span> <span class='ocrx_word' id='word_1_27' title='bbox 260 1048 384 1121; x_wconf 90' lang='lat' dir='ltr'><strong>alarius</strong></span> <span class='ocrx_word' id='word_1_28' title='bbox 403 1049 591 1141; x_wconf 79' lang='lat' dir='ltr'><strong>apparebit</strong></span> <span class='ocrx_word' id='word_1_29' title='bbox 610 1067 689 1121; x_wconf 89' lang='lat' dir='ltr'><strong>oum</strong></span> <span class='ocrx_word' id='word_1_30' title='bbox 711 1049 852 1121; x_wconf 92' lang='lat' dir='ltr'><strong>noveris</strong></span> <span class='ocrx_word' id='word_1_31' title='bbox 873 1049 919 1120; x_wconf 87' lang='lat' dir='ltr'><strong>ab</strong></span> <span class='ocrx_word' id='word_1_32' title='bbox 938 1049 1000 1120; x_wconf 90' lang='lat' dir='ltr'><strong>illo</strong></span> <span class='ocrx_word' id='word_1_33' title='bbox 1020 1048 1143 1139; x_wconf 92' lang='lat' dir='ltr'><strong>dispu-</strong></span> 
     </span>
     <span class='ocr_line' id='line_1_6' title="bbox 129 1172 1143 1265; baseline -0.004 -18"><span class='ocrx_word' id='word_1_34' title='bbox 129 1177 235 1247; x_wconf 85' lang='lat' dir='ltr'><strong>tationis</strong></span> <span class='ocrx_word' id='word_1_35' title='bbox 250 1173 393 1265; x_wconf 90' lang='lat' dir='ltr'><strong>puerilis</strong></span> <span class='ocrx_word' id='word_1_36' title='bbox 413 1175 587 1246; x_wconf 69' lang='lat' dir='ltr'><strong>acerrimo</strong></span> <span class='ocrx_word' id='word_1_37' title='bbox 609 1192 757 1247; x_wconf 84' lang='lat' dir='ltr'><strong>censore</strong></span> <span class='ocrx_word' id='word_1_38' title='bbox 775 1172 920 1245; x_wconf 87' lang='lat' dir='ltr'><strong>oonoedi</strong></span> <span class='ocrx_word' id='word_1_39' title='bbox 938 1192 1068 1264; x_wconf 91' lang='lat' dir='ltr'><strong>pueros</strong></span> <span class='ocrx_word' id='word_1_40' title='bbox 1088 1173 1143 1243; x_wconf 88' lang='lat' dir='ltr'><strong>lu-</strong></span> 
     </span>
     <span class='ocr_line' id='line_1_7' title="bbox 126 1296 733 1388; baseline -0.003 -18"><span class='ocrx_word' id='word_1_41' title='bbox 126 1305 162 1370; x_wconf 88' lang='lat' dir='ltr'><strong>tor</strong></span> <span class='ocrx_word' id='word_1_42' title='bbox 175 1317 205 1370; x_wconf 90' lang='lat' dir='ltr'><strong>se</strong></span> <span class='ocrx_word' id='word_1_43' title='bbox 221 1297 257 1370; x_wconf 91' lang='lat' dir='ltr'><strong>de</strong></span> <span class='ocrx_word' id='word_1_44' title='bbox 274 1297 510 1370; x_wconf 84' lang='lat' dir='ltr'><strong>Grammatioa</strong></span> <span class='ocrx_word' id='word_1_45' title='bbox 529 1296 733 1388; x_wconf 90' lang='lat' dir='ltr'><strong>disputare!</strong></span> 
     </span>
    </p>

    <p class='ocr_par' dir='ltr' id='par_1_4' title="bbox 115 1421 1145 1760">
     <span class='ocr_line' id='line_1_8' title="bbox 155 1421 1142 1512; baseline -0.001 -18"><span class='ocrx_word' id='word_1_46' title='bbox 155 1423 227 1494; x_wconf 89' lang='lat' dir='ltr'><strong>Nun</strong></span> <span class='ocrx_word' id='word_1_47' title='bbox 248 1428 363 1492; x_wconf 79' lang='lat' dir='ltr'><strong>umen</strong></span> <span class='ocrx_word' id='word_1_48' title='bbox 389 1438 432 1493; x_wconf 84' lang='lat' dir='ltr'><strong>ex</strong></span> <span class='ocrx_word' id='word_1_49' title='bbox 458 1421 526 1492; x_wconf 87' lang='lat' dir='ltr'><strong>hoo</strong></span> <span class='ocrx_word' id='word_1_50' title='bbox 548 1421 708 1493; x_wconf 85' lang='lat' dir='ltr'><strong>dicemus</strong></span> <span class='ocrx_word' id='word_1_51' title='bbox 726 1422 851 1494; x_wconf 85' lang='lat' dir='ltr'><strong>Vivam</strong></span> <span class='ocrx_word' id='word_1_52' title='bbox 876 1421 1020 1512; x_wconf 90' lang='lat' dir='ltr'><strong>ingenio</strong></span> <span class='ocrx_word' id='word_1_53' title='bbox 1046 1421 1142 1493; x_wconf 91' lang='lat' dir='ltr'><strong>timi-</strong></span> 
     </span>
     <span class='ocr_line' id='line_1_9' title="bbox 119 1545 1145 1636; baseline -0.002 -18"><span class='ocrx_word' id='word_1_54' title='bbox 119 1545 320 1626; x_wconf 79' lang='lat' dir='ltr'><strong>inoluisse,</strong></span> <span class='ocrx_word' id='word_1_55' title='bbox 339 1563 405 1617; x_wconf 89' lang='lat' dir='ltr'><strong>neo</strong></span> <span class='ocrx_word' id='word_1_56' title='bbox 421 1546 497 1617; x_wconf 92' lang='lat' dir='ltr'><strong>sois</strong></span> <span class='ocrx_word' id='word_1_57' title='bbox 515 1546 678 1617; x_wconf 88' lang='lat' dir='ltr'><strong>oensuris</strong></span> <span class='ocrx_word' id='word_1_58' title='bbox 698 1552 884 1636; x_wconf 84' lang='lat' dir='ltr'><strong>praecepta</strong></span> <span class='ocrx_word' id='word_1_59' title='bbox 904 1553 1145 1617; x_wconf 88' lang='lat' dir='ltr'><strong>oouseutauea</strong></span> 
     </span>
     <span class='ocr_line' id='line_1_10' title="bbox 115 1667 1144 1760; baseline 0.001 -20"><span class='ocrx_word' id='word_1_60' title='bbox 115 1667 271 1741; x_wconf 80' lang='lat' dir='ltr'><strong>statuisse?</strong></span> <span class='ocrx_word' id='word_1_61' title='bbox 296 1669 454 1740; x_wconf 85' lang='lat' dir='ltr'><strong>Minime.</strong></span> <span class='ocrx_word' id='word_1_62' title='bbox 481 1671 530 1740; x_wconf 86' lang='lat' dir='ltr'><strong>Eo</strong></span> <span class='ocrx_word' id='word_1_63' title='bbox 558 1676 633 1740; x_wconf 86' lang='lat' dir='ltr'><strong>erat</strong></span> <span class='ocrx_word' id='word_1_64' title='bbox 654 1669 798 1760; x_wconf 86' lang='lat' dir='ltr'><strong>ingenio</strong></span> <span class='ocrx_word' id='word_1_65' title='bbox 826 1671 952 1742; x_wconf 87' lang='lat' dir='ltr'><strong>Noster</strong></span> <span class='ocrx_word' id='word_1_66' title='bbox 977 1670 1144 1760; x_wconf 74' lang='lat' dir='ltr'><strong>prudenti</strong></span> 
     </span>
    </p>

    <p class='ocr_par' dir='ltr' id='par_1_5' title="bbox 5 1793 1145 2763">
     <span class='ocr_line' id='line_1_11' title="bbox 78 1793 1145 1884; baseline 0.007 -25"><span class='ocrx_word' id='word_1_67' title='bbox 78 1833 82 1859; x_wconf 62' lang='lat'><strong>,·</strong></span> <span class='ocrx_word' id='word_1_68' title='bbox 111 1794 319 1866; x_wconf 83' lang='lat' dir='ltr'><strong>atmoderate</strong></span> <span class='ocrx_word' id='word_1_69' title='bbox 337 1793 435 1883; x_wconf 86' lang='lat' dir='ltr'><strong>quod</strong></span> <span class='ocrx_word' id='word_1_70' title='bbox 451 1811 507 1865; x_wconf 93' lang='lat' dir='ltr'><strong>res</strong></span> <span class='ocrx_word' id='word_1_71' title='bbox 525 1794 693 1884; x_wconf 86' lang='lat' dir='ltr'><strong>antiquas</strong></span> <span class='ocrx_word' id='word_1_72' title='bbox 709 1794 896 1866; x_wconf 90' lang='lat' dir='ltr'><strong>restituere</strong></span> <span class='ocrx_word' id='word_1_73' title='bbox 911 1813 1017 1883; x_wconf 89' lang='lat' dir='ltr'><strong>qnam</strong></span> <span class='ocrx_word' id='word_1_74' title='bbox 1035 1814 1145 1867; x_wconf 87' lang='lat' dir='ltr'><strong>novas</strong></span> 
     </span>
     <span class='ocr_line' id='line_1_12' title="bbox 109 1917 1143 2010; baseline 0.004 -22"><span class='ocrx_word' id='word_1_75' title='bbox 109 1918 320 1989; x_wconf 89' lang='lat' dir='ltr'><strong>nollrlmalit.</strong></span> <span class='ocrx_word' id='word_1_76' title='bbox 339 1917 578 1990; x_wconf 73' lang='lat' dir='ltr'><strong>trahiteotum</strong></span> <span class='ocrx_word' id='word_1_77' title='bbox 590 1917 760 2009; x_wconf 77' lang='lat' dir='ltr'><strong>lingetilli</strong></span> <span class='ocrx_word' id='word_1_78' title='bbox 779 1938 884 2008; x_wconf 88' lang='lat' dir='ltr'><strong>quem</strong></span> <span class='ocrx_word' id='word_1_79' title='bbox 904 1919 1022 2010; x_wconf 86' lang='lat' dir='ltr'><strong>pigeat</strong></span> <span class='ocrx_word' id='word_1_80' title='bbox 1036 1918 1143 1992; x_wconf 89' lang='lat' dir='ltr'><strong>aedes</strong></span> 
     </span>
     <span class='ocr_line' id='line_1_13' title="bbox 106 2041 1142 2134; baseline 0.01 -25"><span class='ocrx_word' id='word_1_81' title='bbox 106 2049 249 2124; x_wconf 79' lang='lat' dir='ltr'><strong>vetustas,</strong></span> <span class='ocrx_word' id='word_1_82' title='bbox 271 2050 308 2114; x_wconf 88' lang='lat' dir='ltr'><strong>at</strong></span> <span class='ocrx_word' id='word_1_83' title='bbox 327 2041 406 2134; x_wconf 89' lang='lat' dir='ltr'><strong>ipsa</strong></span> <span class='ocrx_word' id='word_1_84' title='bbox 426 2050 599 2114; x_wconf 86' lang='lat' dir='ltr'><strong>vetustate</strong></span> <span class='ocrx_word' id='word_1_85' title='bbox 617 2042 772 2132; x_wconf 89' lang='lat' dir='ltr'><strong>quodam</strong></span> <span class='ocrx_word' id='word_1_86' title='bbox 786 2043 892 2114; x_wconf 92' lang='lat' dir='ltr'><strong>modo</strong></span> <span class='ocrx_word' id='word_1_87' title='bbox 907 2042 1142 2121; x_wconf 83' lang='lat' dir='ltr'><strong>venerandas.</strong></span> 
     </span>
     <span class='ocr_line' id='line_1_14' title="bbox 100 2165 1145 2258; baseline 0.005 -24"><span class='ocrx_word' id='word_1_88' title='bbox 100 2165 360 2238; x_wconf 88' lang='lat' dir='ltr'><strong>alundamentis</strong></span> <span class='ocrx_word' id='word_1_89' title='bbox 380 2185 521 2248; x_wconf 88' lang='lat' dir='ltr'><strong>eruere,</strong></span> <span class='ocrx_word' id='word_1_90' title='bbox 544 2166 608 2239; x_wconf 89' lang='lat' dir='ltr'><strong>sod</strong></span> <span class='ocrx_word' id='word_1_91' title='bbox 632 2167 696 2258; x_wconf 85' lang='lat' dir='ltr'><strong>qni</strong></span> <span class='ocrx_word' id='word_1_92' title='bbox 721 2174 839 2258; x_wconf 90' lang='lat' dir='ltr'><strong>partes</strong></span> <span class='ocrx_word' id='word_1_93' title='bbox 866 2168 1070 2239; x_wconf 82' lang='lat' dir='ltr'><strong>laborantes</strong></span> <span class='ocrx_word' id='word_1_94' title='bbox 1091 2187 1145 2239; x_wconf 91' lang='lat' dir='ltr'><strong>re·</strong></span> 
     </span>
     <span class='ocr_line' id='line_1_15' title="bbox 100 2286 1145 2382; baseline 0.004 -24"><span class='ocrx_word' id='word_1_95' title='bbox 100 2286 191 2371; x_wconf 81' lang='lat' dir='ltr'><strong>liniat,</strong></span> <span class='ocrx_word' id='word_1_96' title='bbox 207 2290 279 2378; x_wconf 84' lang='lat' dir='ltr'><strong>jam</strong></span> <span class='ocrx_word' id='word_1_97' title='bbox 294 2291 469 2382; x_wconf 88' lang='lat' dir='ltr'><strong>oollapsas</strong></span> <span class='ocrx_word' id='word_1_98' title='bbox 481 2290 605 2382; x_wconf 86' lang='lat' dir='ltr'><strong>erigat,</strong></span> <span class='ocrx_word' id='word_1_99' title='bbox 624 2299 743 2363; x_wconf 89' lang='lat' dir='ltr'><strong>sentes</strong></span> <span class='ocrx_word' id='word_1_100' title='bbox 762 2291 819 2363; x_wconf 86' lang='lat' dir='ltr'><strong>hio</strong></span> <span class='ocrx_word' id='word_1_101' title='bbox 834 2290 908 2363; x_wconf 90' lang='lat' dir='ltr'><strong>illio</strong></span> <span class='ocrx_word' id='word_1_102' title='bbox 928 2292 1145 2382; x_wconf 81' lang='lat' dir='ltr'><strong>pullulantes</strong></span> 
     </span>
     <span class='ocr_line' id='line_1_16' title="bbox 97 2411 1144 2508; baseline 0.007 -28"><span class='ocrx_word' id='word_1_103' title='bbox 97 2411 176 2484; x_wconf 91' lang='lat' dir='ltr'><strong>inter</strong></span> <span class='ocrx_word' id='word_1_104' title='bbox 206 2413 354 2487; x_wconf 87' lang='lat' dir='ltr'><strong>fissuras</strong></span> <span class='ocrx_word' id='word_1_105' title='bbox 386 2423 540 2496; x_wconf 80' lang='lat' dir='ltr'><strong>resecet,</strong></span> <span class='ocrx_word' id='word_1_106' title='bbox 571 2416 640 2487; x_wconf 89' lang='lat' dir='ltr'><strong>luoi</strong></span> <span class='ocrx_word' id='word_1_107' title='bbox 674 2417 860 2508; x_wconf 80' lang='lat' dir='ltr'><strong>largiorem</strong></span> <span class='ocrx_word' id='word_1_108' title='bbox 891 2423 926 2487; x_wconf 92' lang='lat' dir='ltr'><strong>et</strong></span> <span class='ocrx_word' id='word_1_109' title='bbox 953 2415 1144 2488; x_wconf 87' lang='lat' dir='ltr'><strong>laelliorem</strong></span> 
     </span>
     <span class='ocr_line' id='line_1_17' title="bbox 30 2524 1145 2631; baseline 0.005 -26"><span class='ocrx_word' id='word_1_110' title='bbox 30 2524 32 2536; x_wconf 58' lang='lat'><strong><em>⁵</em></strong></span> <span class='ocrx_word' id='word_1_111' title='bbox 93 2534 215 2608; x_wconf 90' lang='lat' dir='ltr'><strong>aditum</strong></span> <span class='ocrx_word' id='word_1_112' title='bbox 237 2547 354 2629; x_wconf 91' lang='lat' dir='ltr'><strong>paret,</strong></span> <span class='ocrx_word' id='word_1_113' title='bbox 377 2540 490 2612; x_wconf 87' lang='lat' dir='ltr'><strong>habes</strong></span> <span class='ocrx_word' id='word_1_114' title='bbox 509 2541 700 2631; x_wconf 83' lang='lat' dir='ltr'><strong>imaginem</strong></span> <span class='ocrx_word' id='word_1_115' title='bbox 721 2541 831 2612; x_wconf 87' lang='lat' dir='ltr'><strong>Vivici</strong></span> <span class='ocrx_word' id='word_1_116' title='bbox 854 2541 986 2612; x_wconf 84' lang='lat' dir='ltr'><strong>laboris</strong></span> <span class='ocrx_word' id='word_1_117' title='bbox 1006 2541 1043 2611; x_wconf 93' lang='lat' dir='ltr'><strong>iu</strong></span> <span class='ocrx_word' id='word_1_118' title='bbox 1065 2540 1145 2611; x_wconf 81' lang='lat' dir='ltr'><strong>llio·</strong></span> 
     </span>
     <span class='ocr_line' id='line_1_18' title="bbox 93 2654 633 2754; baseline 0.014 -24.739"><span class='ocrx_word' id='word_1_119' title='bbox 93 2657 419 2754; x_wconf 59' lang='lat' dir='ltr'><strong>mmmm.</strong></span> <span class='ocrx_word' id='word_1_120' title='bbox 630 2654 633 2660; x_wconf 74' lang='grc'><strong>’</strong></span> 
     </span>
    </p>
   </div>
   <div class='ocr_carea' id='block_1_3' title="bbox 427 2947 797 3019">
    <p class='ocr_par' dir='ltr' id='par_1_6' title="bbox 427 2947 797 3019">
     <span class='ocr_line' id='line_1_19' title="bbox 427 2947 797 3019; baseline 0.014 -15"><span class='ocrx_word' id='word_1_121' title='bbox 427 2949 611 3008; x_wconf 78' lang='lat' dir='ltr'><strong>Anrrnnuus</strong></span> <span class='ocrx_word' id='word_1_122' title='bbox 632 2947 797 3019; x_wconf 76' lang='lat' dir='ltr'><strong>Quaeras,</strong></span> 
     </span>
    </p>
   </div>
   <div class='ocr_carea' id='block_1_4' title="bbox 119 3173 1104 3257">
    <p class='ocr_par' dir='ltr' id='par_1_7' title="bbox 119 3173 1104 3257">
     <span class='ocr_line' id='line_1_20' title="bbox 119 3173 1104 3257; baseline 0.006 -25"><span class='ocrx_word' id='word_1_123' title='bbox 119 3173 156 3234; x_wconf 83' lang='lat' dir='ltr'><strong>De</strong></span> <span class='ocrx_word' id='word_1_124' title='bbox 170 3175 280 3237; x_wconf 84' lang='lat' dir='ltr'><strong>Studio</strong></span> <span class='ocrx_word' id='word_1_125' title='bbox 295 3178 430 3239; x_wconf 80' lang='lat' dir='ltr'><strong>Naturae</strong></span> <span class='ocrx_word' id='word_1_126' title='bbox 444 3189 471 3239; x_wconf 88' lang='lat' dir='ltr'><strong>et</strong></span> <span class='ocrx_word' id='word_1_127' title='bbox 486 3179 522 3240; x_wconf 82' lang='lat' dir='ltr'><strong>de</strong></span> <span class='ocrx_word' id='word_1_128' title='bbox 537 3179 767 3240; x_wconf 80' lang='lat' dir='ltr'><strong>Mathematicis.</strong></span> <span class='ocrx_word' id='word_1_129' title='bbox 784 3211 824 3224; x_wconf 98' lang='lat'><em>-</em></span> <span class='ocrx_word' id='word_1_130' title='bbox 840 3181 876 3239; x_wconf 76' lang='lat' dir='ltr'><strong>llo</strong></span> <span class='ocrx_word' id='word_1_131' title='bbox 892 3181 1104 3257; x_wconf 74' lang='lat' dir='ltr'><strong>Metnpltpsila.</strong></span> 
     </span>
    </p>
   </div>
   <div class='ocr_carea' id='block_1_5' title="bbox 79 3399 1146 3738">
    <p class='ocr_par' dir='ltr' id='par_1_8' title="bbox 79 3399 1146 3738">
     <span class='ocr_line' id='line_1_21' title="bbox 79 3399 1146 3473; baseline 0.007 -22"><span class='ocrx_word' id='word_1_132' title='bbox 79 3399 221 3460; x_wconf 84' lang='lat' dir='ltr'><strong>Quaenam</strong></span> <span class='ocrx_word' id='word_1_133' title='bbox 236 3407 266 3456; x_wconf 91' lang='lat' dir='ltr'><strong>in</strong></span> <span class='ocrx_word' id='word_1_134' title='bbox 276 3408 378 3457; x_wconf 86' lang='lat' dir='ltr'><strong>scholis</strong></span> <span class='ocrx_word' id='word_1_135' title='bbox 394 3409 514 3473; x_wconf 88' lang='lat' dir='ltr'><strong>Physica</strong></span> <span class='ocrx_word' id='word_1_136' title='bbox 523 3408 698 3459; x_wconf 82' lang='lat' dir='ltr'><strong>traderetur?</strong></span> <span class='ocrx_word' id='word_1_137' title='bbox 709 3409 855 3468; x_wconf 77' lang='lat' dir='ltr'><strong>Quomodo</strong></span> <span class='ocrx_word' id='word_1_138' title='bbox 865 3410 938 3458; x_wconf 88' lang='lat' dir='ltr'><strong>illam</strong></span> <span class='ocrx_word' id='word_1_139' title='bbox 950 3410 1110 3459; x_wconf 86' lang='lat' dir='ltr'><strong>tradendam</strong></span> <span class='ocrx_word' id='word_1_140' title='bbox 1120 3415 1146 3459; x_wconf 90' lang='lat' dir='ltr'><strong>ot</strong></span> 
     </span>
     <span class='ocr_line' id='line_1_22' title="bbox 106 3497 1146 3561; baseline 0.005 -19"><span class='ocrx_word' id='word_1_141' title='bbox 106 3507 190 3554; x_wconf 89' lang='lat' dir='ltr'><strong>quam</strong></span> <span class='ocrx_word' id='word_1_142' title='bbox 208 3511 305 3559; x_wconf 89' lang='lat' dir='ltr'><strong>parum</strong></span> <span class='ocrx_word' id='word_1_143' title='bbox 320 3498 359 3546; x_wconf 91' lang='lat' dir='ltr'><strong>illi</strong></span> <span class='ocrx_word' id='word_1_144' title='bbox 379 3498 579 3561; x_wconf 88' lang='lat' dir='ltr'><strong>indulgendum</strong></span> <span class='ocrx_word' id='word_1_145' title='bbox 595 3512 656 3547; x_wconf 88' lang='lat' dir='ltr'><strong>osso</strong></span> <span class='ocrx_word' id='word_1_146' title='bbox 672 3499 812 3547; x_wconf 83' lang='lat' dir='ltr'><strong>existimet</strong></span> <span class='ocrx_word' id='word_1_147' title='bbox 826 3498 910 3548; x_wconf 91' lang='lat' dir='ltr'><strong>Vives</strong></span> <span class='ocrx_word' id='word_1_148' title='bbox 924 3497 935 3546; x_wconf 86' lang='lat'><strong>?</strong></span> <span class='ocrx_word' id='word_1_149' title='bbox 948 3525 979 3533; x_wconf 94' lang='lat'>-</span> <span class='ocrx_word' id='word_1_150' title='bbox 993 3498 1096 3547; x_wconf 84' lang='lat' dir='ltr'><strong>Eadem</strong></span> <span class='ocrx_word' id='word_1_151' title='bbox 1112 3499 1146 3547; x_wconf 89' lang='lat' dir='ltr'><strong>de</strong></span> 
     </span>
     <span class='ocr_line' id='line_1_23' title="bbox 106 3583 1145 3650; baseline 0.006 -20"><span class='ocrx_word' id='word_1_152' title='bbox 106 3584 214 3634; x_wconf 86' lang='lat' dir='ltr'><strong>artibus</strong></span> <span class='ocrx_word' id='word_1_153' title='bbox 233 3583 433 3635; x_wconf 88' lang='lat' dir='ltr'><strong>Mathematieis</strong></span> <span class='ocrx_word' id='word_1_154' title='bbox 453 3591 634 3650; x_wconf 86' lang='lat' dir='ltr'><strong>quaeruntur.</strong></span> <span class='ocrx_word' id='word_1_155' title='bbox 651 3586 850 3647; x_wconf 85' lang='lat' dir='ltr'><strong>-Quamnam</strong></span> <span class='ocrx_word' id='word_1_156' title='bbox 866 3587 1085 3650; x_wconf 81' lang='lat' dir='ltr'><strong>Molaphysicam</strong></span> <span class='ocrx_word' id='word_1_157' title='bbox 1101 3601 1145 3636; x_wconf 89' lang='lat' dir='ltr'><strong>ro-</strong></span> 
     </span>
     <span class='ocr_line' id='line_1_24' title="bbox 104 3673 749 3738; baseline 0.009 -20"><span class='ocrx_word' id='word_1_158' title='bbox 104 3673 286 3732; x_wconf 85' lang='lat' dir='ltr'><strong>prehenderit</strong></span> <span class='ocrx_word' id='word_1_159' title='bbox 301 3679 329 3723; x_wconf 87' lang='lat' dir='ltr'><strong>et</strong></span> <span class='ocrx_word' id='word_1_160' title='bbox 344 3688 490 3738; x_wconf 86' lang='lat' dir='ltr'><strong>quamnam</strong></span> <span class='ocrx_word' id='word_1_161' title='bbox 507 3676 568 3738; x_wconf 87' lang='lat' dir='ltr'><strong>ipse</strong></span> <span class='ocrx_word' id='word_1_162' title='bbox 583 3676 749 3726; x_wconf 85' lang='lat' dir='ltr'><strong>tradiderit?</strong></span> 
     </span>
    </p>
   </div>
   <div class='ocr_carea' id='block_1_6' title="bbox 70 3894 1144 4115">
    <p class='ocr_par' dir='ltr' id='par_1_9' title="bbox 70 3894 1144 4115">
     <span class='ocr_line' id='line_1_25' title="bbox 124 3894 1144 3989; baseline 0.006 -24"><span class='ocrx_word' id='word_1_163' title='bbox 124 3894 353 3969; x_wconf 87' lang='lat' dir='ltr'><strong>Dialeotioam</strong></span> <span class='ocrx_word' id='word_1_164' title='bbox 383 3925 398 3962; x_wconf 72' lang='lat' dir='ltr'><strong>r</strong></span> <span class='ocrx_word' id='word_1_165' title='bbox 427 3899 609 3989; x_wconf 86' lang='lat' dir='ltr'><strong>sequitur,</strong></span> <span class='ocrx_word' id='word_1_166' title='bbox 631 3900 682 3971; x_wconf 88' lang='lat' dir='ltr'><strong>ait</strong></span> <span class='ocrx_word' id='word_1_167' title='bbox 702 3900 828 3981; x_wconf 83' lang='lat' dir='ltr'><strong>Vives,</strong></span> <span class='ocrx_word' id='word_1_168' title='bbox 852 3906 1001 3972; x_wconf 88' lang='lat' dir='ltr'><strong>naturae</strong></span> <span class='ocrx_word' id='word_1_169' title='bbox 1028 3919 1144 3972; x_wconf 91' lang='lat' dir='ltr'><strong>rerum</strong></span> 
     </span>
     <span class='ocr_line' id='line_1_26' title="bbox 70 4021 1143 4115; baseline 0.005 -27"><span class='ocrx_word' id='word_1_170' title='bbox 70 4021 248 4110; x_wconf 82' lang='lat' dir='ltr'><strong>cognitio,</strong></span> <span class='ocrx_word' id='word_1_171' title='bbox 273 4048 287 4084; x_wconf 65' lang='lat' dir='ltr'><strong>a</strong></span> <span class='ocrx_word' id='word_1_172' title='bbox 309 4040 401 4111; x_wconf 84' lang='lat' dir='ltr'><strong>quae</strong></span> <span class='ocrx_word' id='word_1_173' title='bbox 427 4024 711 4115; x_wconf 81' lang='lat' dir='ltr'><strong>complectitur«</strong></span> <span class='ocrx_word' id='word_1_174' title='bbox 740 4024 988 4113; x_wconf 81' lang='lat' dir='ltr'><strong>generationes</strong></span> <span class='ocrx_word' id='word_1_175' title='bbox 1018 4030 1051 4094; x_wconf 91' lang='lat' dir='ltr'><strong>et</strong></span> <span class='ocrx_word' id='word_1_176' title='bbox 1080 4041 1143 4093; x_wconf 88' lang='lat' dir='ltr'><strong>na·</strong></span> 
     </span>
    </p>
   </div>
   <div class='ocr_carea' id='block_1_7' title="bbox 68 4145 1266 4242">
    <p class='ocr_par' dir='ltr' id='par_1_10' title="bbox 68 4145 1266 4242">
     <span class='ocr_line' id='line_1_27' title="bbox 68 4145 1266 4242; baseline 0.004 -32"><span class='ocrx_word' id='word_1_177' title='bbox 68 4145 196 4215; x_wconf 88' lang='lat' dir='ltr'><strong>turam</strong></span> <span class='ocrx_word' id='word_1_178' title='bbox 219 4145 440 4236; x_wconf 90' lang='lat' dir='ltr'><strong>plantarum,</strong></span> <span class='ocrx_word' id='word_1_179' title='bbox 470 4156 579 4238; x_wconf 86' lang='lat' dir='ltr'><strong>atque</strong></span> <span class='ocrx_word' id='word_1_180' title='bbox 607 4148 909 4229; x_wconf 82' lang='lat' dir='ltr'><strong>animantium...</strong></span> <span class='ocrx_word' id='word_1_181' title='bbox 933 4166 1058 4219; x_wconf 88' lang='lat' dir='ltr'><strong>oausas</strong></span> <span class='ocrx_word' id='word_1_182' title='bbox 1085 4164 1147 4218; x_wconf 88' lang='lat' dir='ltr'><strong>our</strong></span> <span class='ocrx_word' id='word_1_183' title='bbox 1264 4235 1266 4242; x_wconf 23' lang='grc' dir='ltr'>Ι</span> 
     </span>
    </p>
   </div>
   <div class='ocr_carea' id='block_1_8' title="bbox 69 4267 1147 4363">
    <p class='ocr_par' dir='ltr' id='par_1_11' title="bbox 69 4267 1147 4363">
     <span class='ocr_line' id='line_1_28' title="bbox 69 4267 1147 4363; baseline 0.002 -25"><span class='ocrx_word' id='word_1_184' title='bbox 69 4267 279 4359; x_wconf 87' lang='lat' dir='ltr'><strong>quidquam</strong></span> <span class='ocrx_word' id='word_1_185' title='bbox 309 4269 371 4342; x_wconf 87' lang='lat' dir='ltr'><strong>liat</strong></span> <span class='ocrx_word' id='word_1_186' title='bbox 395 4278 430 4343; x_wconf 92' lang='lat' dir='ltr'><strong>et</strong></span> <span class='ocrx_word' id='word_1_187' title='bbox 462 4272 687 4363; x_wconf 87' lang='lat' dir='ltr'><strong>quomodo...</strong></span> <span class='ocrx_word' id='word_1_188' title='bbox 711 4273 748 4344; x_wconf 94' lang='lat' dir='ltr'><strong>in</strong></span> <span class='ocrx_word' id='word_1_189' title='bbox 778 4273 874 4347; x_wconf 89' lang='lat' dir='ltr'><strong>oaolo</strong></span> <span class='ocrx_word' id='word_1_190' title='bbox 899 4280 933 4344; x_wconf 93' lang='lat' dir='ltr'><strong>et</strong></span> <span class='ocrx_word' id='word_1_191' title='bbox 960 4270 1084 4342; x_wconf 86' lang='lat' dir='ltr'><strong>nubilo</strong></span> <span class='ocrx_word' id='word_1_192' title='bbox 1111 4276 1147 4341; x_wconf 91' lang='lat' dir='ltr'><strong>et</strong></span> 
     </span>
    </p>
   </div>
   <div class='ocr_carea' id='block_1_9' title="bbox 0 0 1648 5476">
    <p class='ocr_par' dir='ltr' id='par_1_12' title="bbox 0 0 1648 5476">
     <span class='ocr_line' id='line_1_29' title="bbox 0 0 1648 5476; baseline 0 0"><span class='ocrx_word' id='word_1_193' title='bbox 0 0 1648 5476; x_wconf 95' lang='lat' dir='ltr'><strong> </strong></span> 
     </span>
    </p>
   </div>
  </div>
 </body>
</html>
