3284 5480
895 659 936 673 -
956 625 994 690 36
1015 658 1055 674 ..

449 799 464 836 ι
485 771 515 843 si
544 769 651 842 tuerit
676 785 814 840 earcere
841 765 1007 840 detentus
1034 763 1102 863 (l).
1133 767 1312 855 »Quibus
1335 767 1504 842 omnibus

441 895 486 969 de
501 893 641 976 nausis,
663 891 918 984 professoriam
940 910 1072 964 munus
1091 891 1138 966 ad
1161 892 1198 966 id
1217 892 1402 967 dedecoris
1420 913 1501 986 per·

442 1025 597 1101 venerat,
617 1023 668 1099 nt,
687 1015 991 1108 quemadmodum
1012 1016 1069 1090 his
1093 1017 1315 1110 temporibus
1334 1035 1414 1091 eum
1430 1039 1503 1092 ma-

440 1144 549 1236 gister
567 1144 661 1215 inter
685 1159 807 1215 servos
837 1140 1064 1234 deligeretur,
1091 1171 1106 1208 ι
1137 1145 1263 1237 rulgus
1284 1145 1503 1218 existimaret

440 1267 656 1361 discipulum
678 1267 846 1358 magistro
866 1265 1040 1356 potiorem
1061 1285 1140 1340 esse
1161 1265 1262 1363 (2).»
1443 1353 1447 1360 ἡ

488 1390 674 1481 Quomodo
697 1409 848 1482 puerum
874 1390 1080 1464 istiusmodi
1104 1391 1297 1487 paedagogi
1317 1401 1353 1468 et
1378 1413 1501 1488 regen·

437 1526 490 1592 tes
510 1517 616 1591 bonis
648 1515 807 1590 moribus
831 1515 992 1590 imbuere
1015 1517 1180 1608 possint‘.l
1207 1520 1243 1591 Si
1268 1520 1301 1592 ei
1323 1519 1406 1593 vitia
1427 1539 1499 1592 non

437 1633 626 1715 intulerint
649 1642 767 1732 pravis
782 1641 971 1732 exemplis,
994 1642 1119 1714 saitem
1140 1651 1343 1735 opportuna
1361 1663 1497 1720 eorrec-

435 1768 535 1841 tione
560 1766 716 1840 renidere
744 1785 815 1838 non
843 1765 1025 1839 valebunt.
1059 1768 1148 1840 Huie
1173 1766 1270 1842 enim
1299 1769 1498 1863 corrigendi

436 1891 576 1965 muneri
597 1891 743 1964 liberale
763 1891 946 1983 ingenium
973 1896 1007 1963 et
1033 1891 1193 1964 studium
1214 1893 1425 1967 continuum
1445 1913 1498 1968 re·

433 2017 604 2110 quirenti,
625 2016 781 2106 impares
801 2021 906 2097 sunt:
929 2016 1122 2100 latuelle,
1144 2017 1196 2090 rel
1217 2018 1329 2091 nimia
1348 2026 1497 2094 utuntur

432 2140 677 2233 castigatione,
699 2179 743 2192 -
764 2138 945 2212 interdum
964 2140 1099 2213 scilieet
1118 2141 1231 2224 nulla,
1253 2141 1351 2234 quod
1370 2143 1496 2218 timent

437 2297 453 2331 ι
475 2286 520 2340 ne
546 2274 685 2339 mutent
703 2265 929 2358 gymnasium
953 2265 1114 2348 alumni,
1137 2272 1172 2340 et
1190 2267 1261 2340 alio
1280 2247 1494 2342 transierant

430 2394 536 2466 rilem
556 2398 757 2482 quaestum,
779 2417 794 2454 »
816 2390 995 2463 interdum
1018 2409 1099 2464 roro
1120 2391 1245 2475 nimia,
1264 2392 1362 2484 quod
1379 2393 1493 2467 illibe-

430 2518 523 2591 rales
542 2517 653 2589 animi
674 2514 897 2587 illiberaliter
917 2532 955 2587 se
974 2523 1099 2607 gerant
1118 2534 1265 2591 neeesse
1284 2525 1351 2590 est.

477 2644 517 2714 ln
537 2642 634 2714 hune
651 2649 805 2714 atrorem
825 2658 1017 2732 puerorum
1039 2621 1271 2717 correctorem
1291 2643 1353 2735 qui

614 2841 729 2892 Ferulae
744 2841 880 2890 subdebat
895 2839 1094 2902 discipulorum

550 2931 669 2980 Dextras
682 2935 709 2978 et
724 2931 810 2993 flagro
825 2929 909 2978 dorsa
922 2929 986 2978 ierit
1006 2932 1092 2980 rubeo
1113 2930 1147 2994 (3)

426 3113 460 3180 el
479 3125 500 3177 a
518 3123 589 3196 uuo
611 3131 626 3168 ι
645 3102 795 3174 tortasse
814 3101 916 3175 abest
935 3103 1100 3175 voluntas
1116 3104 1314 3187 oeoidendi,
1337 3125 1409 3178 non
1431 3107 1487 3177 ho

424 3229 608 3301 mieidium
625 3225 689 3320 (l),
709 3253 726 3292 e
741 3226 922 3306 inuehitur
938 3235 1060 3300 noster
1074 3229 1191 3301 Vives.
1207 3231 1281 3301 Etsi
1297 3232 1348 3303 uti
1367 3231 1482 3323 virgis,

423 3355 594 3446 aquibus
615 3353 763 3424 omnino
783 3351 952 3423 abhorret
971 3352 1160 3434 Erasmus,
1184 3353 1271 3426 utile
1293 3363 1427 3442 denset,
1449 3361 1485 3426 ut

297 3469 301 3478 ’
423 3499 505 3551 mox
528 3477 747 3554 videbimus,
772 3473 972 3545 Orbiliaaos
994 3481 1114 3548 tamen
1135 3498 1268 3559 mores,
1290 3497 1333 3551 ex
1354 3479 1483 3570 quibus

424 3612 497 3677 turn
527 3601 687 3694 magistri
719 3608 794 3672 turn
827 3601 971 3673 scholae
1003 3600 1126 3674 odium
1160 3604 1332 3685 nascitur,
1362 3611 1397 3677 et
1423 3603 1482 3694 qui

420 3729 678 3819 discipulorum
711 3727 852 3798 animos
878 3726 998 3797 servili
1031 3726 1234 3800 humilitate
1258 3727 1479 3820 deprimunt,

421 3853 522 3925 nullo
540 3850 646 3923 modo
666 3849 807 3941 probat.

450 4146 482 4212 (l)
497 4145 611 4208 Thumi,
628 4159 673 4211 op.
687 4143 743 4206 cit„
757 4143 795 4197 91.

449 4237 482 4303 (2)
497 4243 534 4288 De
550 4239 659 4297 causis,
672 4235 711 4288 76.

446 4327 479 4392 (3)
494 4330 617 4377 Histoire
631 4327 776 4387 litteratus,
793 4328 858 4376 torn.
876 4323 974 4375 XXIV.

445 4417 479 4482 (l)
494 4417 633 4467 Erasmus
