3284 5480
918 560 1078 620 ..70-

463 722 526 776 our
544 703 681 774 diutius
703 700 828 773 audire
847 696 1104 772 immoremur?
1123 699 1273 770 Tantum
1299 695 1394 769 enim
1418 694 1530 767 dede·

464 845 545 910 cus,
580 833 678 898 tanta
712 825 841 916 probra
873 825 1028 896 intulere
1066 821 1232 894 homines
1264 820 1409 892 litterati
1442 818 1532 891 XVI*
1627 846 1629 849 ·

464 951 575 1026 secuti
595 950 800 1023 dialecticae
820 950 934 1032 vitiis,
956 955 994 1021 ut
1014 948 1105 1019 nibii
1126 945 1233 1018 bodie
1253 947 1301 1018 sit
1322 944 1434 1036 magis
1454 962 1535 1036 per·
1627 972 1629 980 v

465 1079 644 1169 vulgatum
665 1095 772 1168 qnam
793 1076 855 1147 iila
876 1075 960 1148 vitia
983 1073 1176 1166 potiusque
1195 1072 1306 1145 videri
1332 1071 1448 1163 possit
1468 1071 1535 1142 mi-

464 1221 580 1276 seram
602 1204 700 1275 iilam
721 1209 832 1275 artem
854 1219 1024 1275 excusare
1045 1219 1153 1291 quam
1173 1217 1351 1271 accusare.

515 1329 588 1401 Hoc
611 1327 773 1400 dicamus
798 1327 924 1398 saitem
946 1324 1209 1398 renascentium
1231 1323 1429 1396 litterarum
1457 1321 1535 1392 ian-

465 1459 559 1526 tores
585 1470 659 1524 non
687 1450 822 1542 primos
846 1449 958 1522 fuisso
978 1449 1040 1540 qui
1061 1466 1189 1540 pravos
1218 1447 1423 1520 dialecticae
1445 1464 1535 1517 usus

464 1577 765 1669 impugnaverint.
789 1573 1005 1647 Duodecimn
1027 1574 1160 1652 seculo.
1182 1575 1339 1645 ioannes
1358 1571 1534 1644 saresbe-

464 1701 594 1774 riensis
622 1700 781 1772 irriserat
805 1699 932 1772 inanes
955 1705 991 1771 et
1018 1697 1162 1791 putidas
1183 1695 1460 1768 Cornificiorum
1481 1715 1536 1766 ar·

464 1827 579 1917 guttas
601 1832 634 1897 ot
653 1824 935 1916 disputationes,
959 1823 994 1894 in
1014 1823 1148 1914 quibus
1169 1821 1254 1894 tatia
1273 1820 1506 1912 agitabantur
1526 1844 1534 1890 :

466 1951 549 2022 Uter
569 1949 616 2022 ad
633 1949 817 2021 nundinas
837 1967 982 2039 porcum
1004 1948 1123 2029 ducat,
1146 1947 1377 2039 porcariusne
1398 1945 1463 2036 qni
1485 1944 1539 2016 iu-

467 2093 570 2156 nem,
597 2093 641 2144 an
670 2073 767 2145 iunis
794 2073 857 2163 qni
884 2091 1031 2164 porcum
1061 2074 1181 2145 teneti
1207 2072 1270 2143 Vel
1297 2071 1366 2143 ista
1397 2094 1406 2141 z
1442 2071 1537 2142 Num

465 2199 651 2289 capucium
672 2198 798 2270 emerit
815 2197 876 2288 qui
897 2216 1044 2289 cappam
1061 2197 1148 2270 emit
1167 2193 1242 2291 (bt
1257 2198 1414 2283 Quarum
1434 2196 1538 2268 insn-

466 2341 529 2413 per
554 2321 839 2414 disputationum
863 2321 1011 2395 iormam
1034 2329 1105 2394 tam
1133 2321 1256 2394 multis
1281 2320 1539 2412 negationibus

466 2447 667 2520 intricatam
688 2454 724 2519 et
743 2445 951 2538 impeditam
976 2447 1091 2520 tuisse
1119 2447 1224 2521 reiert
1243 2447 1336 2520 idem
1356 2447 1536 2528 ioannes,

466 2578 506 2643 ut
533 2573 656 2645 nulius
685 2572 775 2644 scire
800 2579 922 2663 posset
946 2579 1066 2644 utrum
1089 2573 1171 2646 ittae
1197 2572 1405 2664 negationes
1430 2588 1539 2662 pares

465 2714 511 2767 an
530 2696 686 2787 impares
701 2705 823 2769 essent
838 2696 909 2769 nisi
925 2697 1162 2788 opoiabarum
1174 2698 1255 2771 illas
1265 2703 1399 2770 attente
1412 2715 1540 2768 nume·

469 2827 583 2892 rasset
604 2818 669 2915 (i).
694 2823 899 2903 Praeterea,
921 2822 960 2892 in
985 2821 1119 2894 sobolis
1144 2823 1221 2894 aevi
1245 2820 1353 2894 medii
1380 2822 1473 2894 baec
1490 2820 1537 2891 ia·

467 2943 562 3016 bella
572 2945 982 3037 vulgabaturoujusdam
994 2946 1198 3019 scholastici
1208 2947 1245 3017 in
1256 2945 1538 3038 purgatoriode·

466 3067 553 3139 tenti
566 3075 673 3158 atque
695 3068 784 3160 ipsis
806 3071 1091 3162 sophismatibus
1103 3071 1237 3161 quibus
1254 3071 1406 3142 nimium
1423 3070 1541 3142 deleo
1603 3169 1605 3175 Ι

465 3198 561 3264 tatus
577 3199 652 3264 erat
667 3193 843 3265 combusti
867 3219 875 3266 :
896 3194 1096 3286 «Apparuit
1106 3195 1281 3267 scholaris
1292 3202 1538 3287 postmortem

465 3334 545 3387 oum
582 3336 693 3412 cappa
723 3318 768 3390 de
800 3327 1034 3411 purgamento
1070 3326 1142 3392 tota
1173 3319 1217 3392 do
1249 3320 1540 3411 sophismatibus

465 3440 643 3532 descripta
661 3448 696 3513 et
716 3442 861 3514 flamma
880 3443 974 3534 ignis
993 3450 1067 3516 tota
1089 3443 1249 3516 coniecta
1266 3468 1275 3527 ;
1292 3429 1360 3534 'qui
1384 3445 1541 3536 requisi·

465 3572 523 3636 tus
550 3584 571 3635 a
597 3567 786 3657 magistro,
814 3569 864 3640 ait
891 3592 899 3638 :
928 3569 1021 3639 Haec
1051 3587 1162 3660 cappa
1188 3567 1279 3639 mibi
1306 3569 1389 3640 data
1415 3575 1473 3641 est
1503 3575 1542 3640 ut
1600 3555 1602 3560 ’

464 3705 542 3760 eam
568 3698 705 3780 portem
732 3708 796 3780 pro
820 3691 932 3782 gioria
958 3710 1065 3782 quam
1093 3693 1132 3763 in
1157 3692 1446 3784 sophismatibus
1478 3695 1541 3765 ba·

496 3967 528 4028 (i)
544 3984 556 4013 o
575 3969 618 4017 An
633 3983 734 4031 porcus
752 3971 798 4032 qui
815 3971 849 4020 ad
871 3973 1033 4020 venalitium
1054 3975 1145 4036 agitur
1165 3976 1199 4021 ab
1215 3973 1326 4022 homino
1344 3987 1380 4021 an
1402 3989 1419 4022 a
1434 3975 1541 4022 famulo

466 4072 477 4101 n
499 4059 626 4103 torreatur
640 4055 652 4102 i
667 4057 734 4105 Item
748 4072 783 4105 an
798 4060 943 4121 capucium
963 4061 1060 4109 omorit
1075 4061 1121 4122 qui
1139 4075 1253 4122 cappam
1270 4062 1407 4122 integram
1426 4077 1542 4125 compa-

465 4160 476 4188 n
496 4143 567 4191 ravit
581 4143 592 4190 i
608 4160 619 4189 u
637 4143 748 4204 (Joann.
768 4146 837 4208 San,
854 4151 956 4206 Metal„
973 4149 990 4197 l.
1007 4149 1056 4200 111.
1072 4176 1103 4184 -
1118 4137 1162 4198 Ciss
1176 4153 1247 4198 dean
1263 4153 1297 4200 de
1312 4153 1476 4212 satiabor-y,
1494 4164 1543 4213 par

464 4229 552 4278 t'anbo
569 4231 735 4282 Domimuid.
754 4233 889 4297 Lutetiae,
907 4235 987 4298 1873.)

496 4319 528 4380 (⁶2)
547 4319 712 4379 Demimuid,
728 4335 772 4384 op.
791 4322 847 4380 cit,
864 4338 891 4386 p.
911 4323 962 4374 133.
