3284 5480
601 663 760 728 ..37-

196 801 284 874 Cum
309 801 359 875 ita
385 801 603 894 paedagogia
627 809 808 894 regantur,
841 802 879 873 in
910 802 962 874 ois
989 803 1091 895 puori
1119 821 1211 874 nun·

143 944 253 1016 quam
280 925 463 1013 habitent;
493 945 576 998 nam
607 934 669 998 aut
694 933 940 1017 praeceptores
974 927 1074 999 nullo
1105 926 1210 1000 modo

143 1049 291 1122 sedulos
317 1070 358 1122 ao
386 1051 573 1143 vigilantes
600 1050 804 1134 habebunt,
827 1059 862 1124 et
888 1059 974 1124 tuno
999 1079 1014 1116 ι
1040 1051 1101 1124 atii
1128 1051 1210 1125 atiis

143 1177 308 1267 exempto
334 1183 439 1250 erunt
465 1176 511 1248 ad
535 1175 817 1260 obscoenitates,
843 1203 859 1241 ›
885 1183 948 1249 aut
977 1195 1149 1249 ‹acres›
1175 1185 1211 1252 ot

142 1300 333 1392 plagosos,
356 1308 390 1373 et
415 1327 430 1366 ι
451 1308 537 1372 tunc
562 1320 582 1374 e
607 1301 740 1373 scholis
767 1309 938 1392 tauquam
966 1321 985 1374 e
1008 1302 1209 1375 carceribus

143 1425 284 1498 evolare
303 1427 461 1517 cupient.
484 1451 502 1492 »
523 1425 587 1497 Hic
605 1434 752 1517 paterno
772 1426 929 1516 quodam
949 1427 1071 1499 dolore
1090 1434 1209 1501 motus

141 1549 248 1622 Vires
273 1550 434 1642 depingit
457 1569 608 1642 puerum
632 1550 677 1621 ab
705 1551 810 1621 istius
841 1551 936 1623 modi
958 1551 1080 1622 schola
1104 1552 1208 1624 redu·

143 1692 241 1757 cem,
268 1673 353 1746 olim
382 1682 544 1748 tenerum
570 1682 604 1746 et
630 1673 675 1746 ad
697 1692 841 1746 omnem
866 1675 1049 1748 liberalem
1073 1677 1207 1748 cultum

143 1796 362 1882 flexibilem;
383 1817 481 1870 nunc
492 1818 572 1871 vero
587 1798 676 1870 adeo
693 1800 927 1880 inurbanum,
944 1800 1088 1892 iugenio
1100 1800 1207 1872 bebe-

143 1929 228 2005 tem,
250 1923 411 1996 moribus
431 1925 571 2007 rudem,
594 1931 633 1996 ut
657 1951 672 1988 ι
694 1924 844 2015 agrestis
864 1925 937 1996 tera
956 1932 1063 2016 atque
1084 1924 1207 1998 incon·

142 2048 218 2120 dita
245 2048 404 2121 videatur
429 2076 444 2113 »
469 2056 504 2121 et
524 2067 652 2142 magno
679 2050 826 2122 horrore
855 2051 996 2121 animos
1018 2059 1205 2142 pareutum
1251 2093 1254 2100 ι

141 2173 286 2245 abiciat..
310 2175 483 2246 Haeccine
500 2182 576 2246 orat
595 2174 736 2246 miseris
751 2193 816 2266 pro
835 2181 932 2245 tanta
952 2192 1036 2246 cura
1052 2193 1092 2246 ac
1111 2176 1207 2247 soili-

140 2299 301 2371 citudine
317 2317 464 2381 meroes,
476 2299 623 2371 hoccine
639 2299 791 2390 pretium
807 2318 871 2389 pro
889 2300 998 2370 tantis
1016 2300 1203 2391 impensis,

142 2422 257 2494 fitium
279 2441 486 2514 recuperare
502 2422 687 2494 sordidum
705 2442 745 2494 ao
763 2423 926 2504 stultum,
946 2424 1088 2513 qualem
1110 2451 1125 2488 a
1143 2443 1208 2496 neo

141 2547 274 2619 intueri
300 2547 492 2638 quisquam
516 2549 551 2619 iu
583 2547 746 2619 convictu
770 2549 886 2638 possit
908 2547 1045 2638 absque
1072 2568 1206 2622 nausea

142 2690 209 2744 uec
224 2672 379 2764 perterre
399 2672 478 2744 siue
497 2671 579 2744 odio
604 2669 651 2766 (t)
668 2669 676 2742 !
695 2698 709 2735 ›

191 2798 317 2869 Tutius
337 2817 418 2889 ergo
438 2816 527 2889 puer
547 2797 643 2869 domi
669 2797 878 2869 instituetur
901 2817 922 2868 a
949 2796 1086 2889 privato
1108 2818 1206 2890 prae·

142 2930 303 3015 captore,
325 2923 432 2994 modo
458 2941 503 2994 ne
531 2896 643 2995 solus.
671 2923 773 3008 Quod
798 2923 829 2993 si
854 2942 875 2992 a
901 2923 1004 2994 docto
1028 2930 1063 2994 et
1086 2923 1206 2996 incor-

143 3055 247 3139 rupto
274 3047 347 3118 riro
369 3047 567 3119 doctrinam
594 3047 770 3138 accipere,
798 3054 860 3118 aut
889 3047 919 3118 si
940 3047 1204 3139 condiscipulos

142 3171 275 3244 babere
298 3173 446 3263 nequit,
471 3173 523 3270 uti
552 3172 605 3243 ias
630 3174 697 3243 erit
723 3170 937 3243 lectionibus
958 3173 994 3244 in
1015 3173 1205 3245 Academia

142 3297 286 3390 publica
306 3296 460 3379 habitis,
483 3298 686 3389 usquedum
711 3297 798 3368 baec
817 3298 971 3386 erigatur
991 3297 1202 3390 Academia,

142 3423 197 3494 cui
219 3422 351 3493 liberos
369 3440 454 3493 suos
474 3421 693 3493 committere
712 3440 817 3493 nemo
837 3421 988 3493 dubitet.

192 3549 242 3618 Ex
263 3547 321 3617 his
342 3545 512 3618 omnibus
537 3564 628 3636 quac
648 3552 719 3616 tam
749 3546 974 3616 vehomenter
998 3545 1042 3617 de
1069 3546 1206 3618 sobolu-

141 3692 220 3746 rum
243 3669 417 3762 regimine
441 3670 616 3743 declamat
639 3670 761 3752 Vires,
793 3688 865 3741 non
892 3669 1022 3741 inferre
1044 3670 1125 3743 licet
1143 3690 1205 3742 ne·

169 3929 203 3994 (i)
220 3927 356 3978 Omnibus
371 3926 414 3975 his
429 3925 508 3974 Vivis
524 3923 761 3988 increpationibus
779 3924 948 3986 respondent
960 3924 988 3972 hi
1003 3925 1091 3972 nostri
1107 3923 1205 3974 Maroti

136 4032 246 4079 versus,
261 4015 335 4079 apud
350 4013 459 4064 Reuitto
474 4014 560 4073 citati,
576 4028 602 4076 p.
620 4013 651 4062 75
667 4025 672 4060 :

356 4133 390 4173 En
401 4131 471 4182 effeci,
484 4131 599 4173 c'eotoiaut
610 4130 638 4172 do
651 4141 717 4184 maus
729 4129 802 4172 basim

353 4213 401 4265 Quo
412 4212 444 4256 loa
456 4215 546 4266 regente
558 4212 588 4254 du
599 4215 671 4265 tempo
682 4210 754 4265 judin

355 4292 438 4336 tamaio
449 4292 473 4348 jo
487 4292 572 4335 n'eutre
583 4303 611 4334 on
624 4291 714 4333 Purodis

355 4373 404 4415 S'ilo
416 4384 444 4416 ue
456 4373 526 4415 m'out
537 4372 606 4428 perdo
618 4383 655 4413 ma
667 4371 779 4426 jannuae.

716 4451 824 4508 (umore.
835 4455 854 4504 r,
868 4451 905 4506 n).
