3284 5480
923 569 1083 634 ..60-

466 707 521 782 cci
540 729 557 777 1
574 709 683 782 habet
706 715 790 782 aute
809 732 832 778 u
842 733 859 798 ;
876 708 1052 800 excipitur
1070 714 1242 780 mortuus.
1266 711 1382 796 Quare
1403 708 1545 800 excipi·
1637 787 1639 812 Ι

467 840 525 905 tur
545 839 580 905 et
599 852 671 906 uon
693 834 824 906 dicitur
840 831 993 904 mortrui
1012 833 1163 921 Quidam
1184 832 1308 906 dicunt
1326 834 1424 925 quod
1442 835 1545 906 sicut
1637 819 1639 848 ³

466 959 574 1031 homo
596 960 658 1051 qui
678 959 828 1032 moritur
844 959 979 1032 desiuit
993 977 1073 1032 csse
1092 959 1137 1032 ab
1158 960 1223 1031 hac
1244 958 1326 1042 vita,
1345 959 1395 1030 ita
1414 966 1448 1031 et
1465 959 1545 1029 boc

466 1085 740 1176 participium...
764 1092 913 1157 mortem
942 1083 1150 1176 significaris
1170 1083 1237 1156 luit
1256 1090 1355 1156 extra
1375 1084 1543 1175 regulam

466 1217 684 1282 caeterorum
700 1211 966 1302 participiorum
987 1206 1034 1303 (i)
1050 1207 1057 1280 l
1081 1235 1097 1271 u
1113 1209 1228 1280 -Nil
1244 1209 1373 1280 mirum
1388 1209 1419 1281 si
1432 1208 1542 1279 Vives

468 1334 535 1406 hoc
554 1335 780 1425 potissimum
803 1341 901 1425 optat
920 1352 1047 1406 omues
1062 1333 1317 1405 Grammaticos
1336 1333 1446 1425 hujus
1463 1332 1543 1404 iur—
1637 1313 1639 1332 ¹

467 1456 555 1529 iuris
589 1459 858 1540 «Carbonem,
888 1458 1150 1541 Alexandrum,
1180 1457 1442 1549 Huguliouem,
1473 1458 1542 1528 Pa·
1638 1433 1639 1436 Ὺ

466 1583 581 1674 piam,
603 1610 618 1648 r
644 1582 774 1676 depelli
800 1603 821 1654 a
848 1583 998 1666 scholis,
1022 1581 1124 1654 libris
1152 1599 1274 1668 eorum
1301 1608 1317 1645 ‹
1341 1581 1541 1673 asportatis

466 1708 652 1781 asinorum
673 1709 775 1800 copia
797 1704 863 1802 (2).
887 1735 902 1772 »

498 1934 531 2000 (i)
547 1938 659 1986 Nolr'cee
675 1941 699 1986 el
713 1938 847 1998 Extraits,
864 1951 889 2000 p.
906 1935 945 1986 71.
962 1961 991 1970 -
1007 1935 1048 1988 Gt.
1063 1935 1183 1986 ibidem:
1197 1950 1209 1982 c
1223 1933 1332 1984 Genera
1346 1949 1362 1982 a
1377 1931 1541 1997 generando
1637 1923 1639 1980 ἓ

390 2039 393 2046 ’
468 2025 608 2075 dicuutur.
623 2029 824 2084 Quaerendum
837 2041 888 2074 rur
900 2024 1013 2074 nomina
1028 2024 1159 2073 dicuntur
1171 2037 1313 2087 generare,
1328 2037 1391 2072 cum
1406 2024 1541 2086 incorpo·
1638 2001 1639 2012 ¹

466 2115 534 2165 ralia
549 2117 605 2165 sint
619 2115 631 2165 l
645 2116 711 2167 Ideo
728 2117 794 2179 quia
809 2117 960 2165 adhaerent
975 2115 1167 2178 corporalibus
1179 2129 1250 2178 quae
1265 2118 1401 2178 generant
1416 2118 1443 2163 et
1457 2127 1540 2177 gene·

466 2209 572 2255 rantur.
590 2221 602 2252 u
1637 2199 1639 2214 “

497 2294 530 2358 (l)
544 2297 769 2344 Exercitationes
781 2298 895 2357 linquae
905 2297 1019 2344 latinae.
1027 2319 1058 2330 -
1068 2293 1168 2358 Papias
1179 2296 1388 2344 ltudimentum
1403 2273 1540 2342 Electren·
1637 2317 1639 2376 3

468 2387 575 2435 lartum
589 2385 714 2435 ediderat
727 2387 801 2435 circa
814 2399 916 2434 anuum
933 2385 992 2435 1063
1004 2401 1015 2430 u
1027 2398 1089 2434 cum
1103 2385 1321 2444 definitionibus,
1333 2385 1540 2443 notationibus,
1637 2383 1639 2444 j

468 2474 622 2524 secundum
638 2475 762 2538 regulas,
785 2491 796 2521 r
815 2478 842 2523 et
862 2473 986 2537 Hugutio
1003 2475 1223 2524 vocabularium
1238 2473 1312 2522 circa
1329 2473 1398 2524 iret.
1419 2473 1460 2522 Ex
1480 2474 1541 2522 illis
1637 2481 1639 2498 *

466 2564 576 2614 duobus
590 2565 684 2624 libris,
701 2564 823 2614 loannes
840 2563 874 2612 do
889 2563 992 2621 lanua,
1008 2563 1081 2612 circa
1096 2561 1168 2622 tneo,
1185 2563 1321 2611 famosum
1337 2563 1406 2611 illud
1421 2577 1541 2625 compo-

467 2657 561 2702 suerat
585 2667 655 2716 opus
675 2653 750 2716 quod
770 2653 999 2702 inscribebatur:
1023 2657 1157 2710 Summa,
1174 2665 1224 2700 seu
1241 2654 1404 2701 catholicon
1421 2650 1472 2714 (Cf.
1493 2650 1541 2700 Du
1638 2665 1639 2668 ’

466 2741 573 2806 Gange,
591 2743 746 2802 Praelatio,
768 2755 838 2794 xurrr
858 2743 893 2790 ad
918 2741 995 2805 uvir).
1013 2741 1170 2791 Alexander
1184 2757 1200 2790 a
1214 2741 1287 2790 Villa
1304 2741 1355 2790 Dei
1375 2743 1542 2790 Docti-tuate

465 2837 624 2884 Puerorum
640 2835 714 2883 circe
729 2847 832 2882 annum
849 2833 908 2884 1209
924 2833 1081 2895 scripserat,
1098 2837 1129 2880 ut
1143 2833 1236 2882 lerunt
1249 2832 1277 2880 hi
1291 2845 1390 2882 versus
1407 2844 1412 2881 :

656 2957 784 3001 Doetrinale
795 2969 859 3000 suurn
869 2957 930 3000 dedit
940 2956 963 2998 iu
975 2967 1092 2999 commune
1103 2956 1221 3010 legendum

654 3042 719 3082 Anno
732 3039 824 3081 milleno
837 3039 1005 3092 ducentenoque
1018 3049 1112 3079 noveno.

468 3155 518 3204 Illa
534 3155 727 3214 Grammatica,
744 3156 871 3204 versibus
887 3155 1038 3216 descripta,
1056 3170 1068 3200 c
1084 3154 1219 3202 brevitate
1234 3158 1261 3202 et
1274 3153 1449 3216 simplicitate
1465 3167 1543 3214 qua·
1638 3197 1639 3218 ἦ

468 3245 530 3293 dam
546 3243 773 3293 commendabilis
790 3248 831 3292 cst
849 3259 861 3289 u
882 3241 1010 3305 (Thurot,
1033 3247 1070 3290 De
1086 3245 1163 3290 Alex.
1181 3245 1350 3303 Doctrinali,
1366 3258 1392 3304 p.
1413 3240 1461 3301 45).
1477 3241 1541 3290 Sed
1637 3225 1639 3272 i

467 3333 635 3397 inelegantia
650 3338 677 3382 ct
692 3334 862 3382 obscuritate
878 3349 890 3379 u
907 3337 933 3381 el
949 3334 1128 3381 barbarorum
1145 3335 1300 3393 temporum
1315 3331 1442 3394 rubigine
1460 3348 1472 3377 u
1490 3331 1540 3378 in·

468 3423 569 3472 ficitur.
589 3423 671 3472 Dicas
693 3422 881 3471 Alexandrum
901 3422 1044 3471 conscium
1066 3420 1152 3470 tuisse
1174 3434 1203 3469 se
1227 3435 1283 3469 non
1306 3421 1372 3470 satis
1392 3424 1487 3482 aperte
1510 3425 1540 3470 et
1637 3447 1639 3490 5

466 3512 554 3561 nitide
567 3513 726 3576 scripsisse,
742 3525 804 3560 nam
820 3512 879 3560 ait:

541 3657 547 3672 ι
655 3637 677 3677 Si
691 3635 754 3706 pueri
766 3635 839 3690 primo
852 3637 964 3688 nequeant
976 3635 1091 3678 attendere
1100 3635 1177 3690 plene,

653 3717 696 3758 tite
709 3719 783 3759 temen
797 3715 896 3758 attendet
906 3715 943 3769 qui
956 3715 1052 3758 doctoris
1065 3716 1112 3758 vice
1123 3716 1218 3769 fungens

654 3798 729 3850 Atque
741 3796 818 3849 legana
830 3796 904 3850 pueris
917 3796 979 3850 layca
991 3795 1069 3851 lingue
1081 3795 1196 3838 reserabit.

467 3913 559 3964 Unum
583 3916 711 3975 superest
734 3912 893 3961 Doctrinale
911 3912 1007 3974 lingua
1026 3912 1105 3974 layca
1126 3911 1188 3960 1117ο
1212 3911 1322 3960 saeculo
1342 3913 1494 3960 reseratum
1522 3927 1540 3960 a
1638 3943 1639 3948 =

467 4001 617 4051 Francisco
633 4001 748 4049 Nicolao
764 4001 884 4062 quodam
893 4012 899 4059 ;
916 4000 968 4048 hoc
981 4005 1108 4048 recenter
1123 4000 1247 4062 prodidit
1259 3999 1288 4048 F.
1305 3999 1418 4049 Morand
1432 3998 1539 4060 (treuna
1637 4041 1639 4048 ,

467 4093 517 4139 dee
531 4091 654 4139 Sentetes
671 4088 819 4152 secantes).
838 4089 1001 4137 inscribitur
1019 4092 1179 4137 Doctrinale
1195 4102 1381 4149 prosaycum,
1399 4093 1424 4138 ct
1438 4093 1539 4138 auctor

467 4180 567 4228 asserit
585 4193 614 4228 se
629 4178 697 4226 illud
714 4178 905 4241 composuisse
925 4183 955 4227 ut
977 4183 1125 4240 praecepto
1145 4177 1296 4227 Alexandri
1316 4177 1405 4240 ipsius
1424 4185 1539 4240 pareret

465 4269 570 4332 (pueris
590 4270 670 4331 layca
689 4269 783 4330 lingua
798 4269 956 4330 reserabit),
972 4268 1096 4331 linguam
1113 4283 1125 4314 u
1144 4269 1251 4330 laycam
1268 4283 1279 4314 u
1297 4267 1458 4316 existimans
1473 4280 1539 4318 esse

465 4361 588 4423 linguam
608 4372 809 4421 «prosaycam.
827 4374 839 4404 u
860 4357 1011 4407 Alexandri
1028 4372 1040 4403 o
1060 4357 1094 4406 dc
1113 4359 1198 4406 verbo
1216 4356 1250 4405 ad
1269 4357 1386 4406 verbum
1400 4358 1538 4405 textum»
1637 4383 1639 4406 ι
