3284 5480
923 651 1082 714 -θῖ-

1609 571 1612 610 1

1610 725 1612 738 l

469 789 644 861 tatienum
665 807 805 861 amans.
826 787 999 880 Discipuli
1023 789 1207 880 ingenium
1235 805 1464 879 nequaquam
1488 787 1531 859 sit
1610 799 1612 878 ᾗ

475 939 491 976 ‹
512 930 629 1004 nugax
650 921 712 985 aut
731 914 851 1004 inepte
871 913 1087 1003 conjectans,
1108 912 1193 985 item
1213 912 1490 986 contentiosum.
1511 939 1525 976 ι
1611 911 1612 920 ‘

470 1037 512 1108 Et
531 1037 599 1109 bec
617 1037 765 1129 insuper
784 1037 884 1111 addit
904 1037 1007 1110 Vives
1025 1036 1122 1127 qued
1142 1037 1341 1110 notandum
1362 1037 1500 1110 videtur
1519 1061 1528 1108 :

475 1187 490 1224 ‹
518 1159 577 1230 Ne
599 1161 779 1232 rationem
804 1161 998 1234 adomnia
1022 1161 1218 1234 evidentem
1245 1161 1413 1255 efflagitet
1442 1181 1530 1252 quac

469 1294 669 1379 nonpetest
685 1287 820 1380 ubique
835 1288 996 1361 exhiberi
1013 1306 1097 1380 par;
1111 1287 1277 1361 convenit
1288 1306 1527 1380 unumquem-

468 1429 538 1502 que
558 1418 764 1485 contentum
787 1431 866 1486 esse
885 1412 1243 1486 verisimilitudine.»
1263 1413 1365 1500 Quod
1386 1413 1529 1486 verbum

468 1555 540 1609 nen
568 1537 765 1610 Cartesium
793 1539 1023 1630 praenuntiat
1047 1545 1250 1621 certe,·nec
1275 1539 1528 1631 philosophum

467 1669 597 1744 senat;
636 1662 699 1735 sed
733 1663 975 1755 paedagogum
1015 1663 1174 1736 ostendit
1210 1683 1295 1737 sues
1335 1663 1529 1755 discipules

467 1794 689 1859 amoventem
722 1807 743 1858 a
773 1788 986 1861 scholastica
1016 1789 1053 1859 in
1083 1787 1266 1862 inlinitum
1294 1787 1528 1862 ratiocinandi

467 1910 744 1984 consuetudine.

516 2035 711 2128 paedagogi
744 2056 889 2129 queque
919 2046 974 2112 est
999 2038 1091 2112 liber
1120 2040 1182 2112 ille
1212 2040 1391 2132 quemad
1426 2058 1527 2113 usum

465 2176 657 2251 puerorum
679 2161 822 2254 scripsit
840 2161 885 2232 de
902 2161 1029 2234 Primo
1046 2161 1294 2257 Philosophia,
1312 2173 1352 2237 ut
1369 2165 1445 2237 illis
1462 2172 1528 2237 tra-

464 2285 564 2358 deret
582 2285 774 2359 innocuam
800 2296 835 2360 et
860 2288 1029 2372 nitidam,
1054 2307 1125 2362 nen
1147 2307 1227 2362 vere
1247 2309 1374 2362 novam
1396 2289 1525 2362 doctri-

466 2429 562 2482 nam.
590 2437 605 2474 ‹
626 2413 710 2482 Eam
732 2412 777 2484 ad
797 2431 871 2486 rem
895 2433 979 2496 nes,
1002 2415 1052 2486 ait
1077 2415 1174 2506 ipse,
1196 2416 1412 2487 tentavimus
1440 2432 1527 2507 opus

464 2535 695 2617 1111111111
714 2538 928 2611 haberemus
944 2539 1124 2631 gentilicia
1143 2539 1338 2612 consectari
1356 2545 1457 2611 tante
1478 2557 1527 2610 re

465 2661 608 2752 ligionis
628 2662 836 2737 discrimine
853 2667 922 2756 (l).
942 2691 957 2728 ι
979 2667 1022 2736 Et
1039 2665 1076 2737 in
1097 2665 1280 2758 prooemio
1298 2666 1407 2756 hujus
1425 2667 1526 2738 Meta·

464 2787 633 2878 physicae
652 2789 780 2861 iterum
800 2790 886 2863 dicit
904 2809 944 2862 se
963 2809 1040 2864 earn
1061 2791 1250 2884 scripsisse
1270 2817 1286 2854 ι
1305 2796 1345 2863 ut
1364 2789 1528 2881 proderet

464 2912 585 2982 omnia
604 2913 635 2984 si
654 2932 726 2985 nen
750 2916 909 2987 exactius
934 2924 1027 2988 certe
1051 2917 1209 3008 apertius
1233 2934 1341 3007 quarn
1363 2915 1528 2987 Aristote-

464 3036 529 3118 les,
554 3065 568 3100 »
595 3057 676 3108 narn
696 3039 897 3113 Aristotelis
914 3041 996 3113 libri
1020 3068 1036 3105 ι
1058 3041 1192 3114 babent
1208 3041 1361 3113 multum
1377 3037 1523 3132 ingenii,

463 3162 527 3234 sed
555 3163 783 3236 obscuritatis
808 3173 842 3236 et
866 3165 1076 3239 subtilitatis
1098 3185 1294 3258 queque.»
1322 3165 1423 3236 lllius
1447 3181 1525 3254 erge

462 3288 702 3379 Matepbysica
718 3306 759 3359 aa
778 3296 833 3361 est
855 3309 947 3380 quae
968 3309 1033 3362 nec
1051 3290 1268 3363 christianae
1289 3289 1373 3362 fidei
1397 3283 1526 3362 efficiat

463 3430 527 3484 nec
545 3420 699 3485 mentam
720 3433 912 3505 puerorum
928 3422 1086 3488 meretur
1101 3433 1165 3487 seu
1182 3433 1298 3488 rerum
1319 3433 1383 3488 seu
1402 3430 1524 3486 vocum

462 3536 699 3622 obscuritate3
717 3539 813 3612 inea
832 3558 905 3612 nen
925 3540 1088 3612 invenias
1110 3558 1203 3631 quae
1218 3541 1349 3612 sentiat
1363 3539 1469 3612 Vives
1483 3537 1525 3609 de

462 3661 710 3735 Controversia
729 3665 889 3736 Realium
911 3671 946 3736 et
964 3665 1225 3748 Neminalium,
1248 3665 1383 3736 nullam
1403 3665 1524 3756 dispu-

461 3787 636 3858 tationum
662 3789 865 3871 materiam,
890 3790 1029 3861 nullum
1053 3798 1263 3881 apparatum
1286 3815 1295 3861 ε
1318 3790 1381 3863 sed
1400 3789 1523 3863 breves

402 3955 408 3964 ·
461 3917 495 3982 ct
523 3909 644 3985 faciles
677 3913 842 3985 notiones
867 3913 911 3983 de
938 3912 1030 3999 Dee,
1065 3913 1108 3984 de
1139 3915 1294 3986 materie
1321 3923 1355 3988 ct
1381 3913 1520 4008 sermo,

460 4034 505 4107 de
523 4035 662 4128 oripr'ne
678 4035 862 4120 idearum,
884 4058 975 4131 quas
994 4039 1116 4123 Vives,
1138 4048 1178 4114 ut
1197 4041 1418 4125 scholastici,
1442 4039 1524 4112 dicit

461 4180 532 4232 neu
553 4180 633 4233 asse
651 4162 687 4232 in
710 4163 892 4236 intellectu
912 4163 982 4237 uisi
1002 4165 1104 4255 prius
1123 4165 1257 4238 luerint
1276 4165 1313 4238 in
1336 4184 1460 4248 seusu,
1480 4162 1522 4234 de

490 4443 523 4508 (l)
539 4442 575 4492 De
592 4447 684 4507 Trad„
700 4444 753 4495 351.
