3284 5480
132 862 295 935 quorum
318 844 431 918 altero
449 845 554 916 Vives
574 863 757 918 censorem
781 854 816 918 et
840 847 878 919 in
906 847 1017 919 altero
1041 865 1209 939 praecep·
1255 909 1257 914 .

130 976 250 1042 torem
276 970 388 1042 totius
410 971 557 1060 puerilis
577 970 790 1062 disciplinae
809 990 848 1044 se
867 971 1026 1063 praehet.
1050 971 1208 1043 Primum

132 1095 245 1168 nobis
266 1095 304 1165 in
334 1102 489 1168 mentem
513 1102 659 1167 venerat
679 1095 844 1167 eumdem
869 1095 907 1167 in
929 1104 1053 1169 nostra
1071 1097 1210 1188 discep-

131 1220 274 1293 tatione
304 1221 467 1292 ordinem
497 1221 620 1310 sequi,
652 1226 760 1310 atque
787 1222 887 1312 prius
916 1239 1095 1312 exponere
1122 1221 1210 1312 qnid

129 1348 241 1419 Vives
271 1345 311 1416 in
341 1346 461 1436 pueris
482 1344 717 1448 instituendis
744 1345 1023 1435 reprehenderit·
1038 1353 1072 1418 et
1091 1353 1210 1437 poste-

133 1473 211 1544 rius
240 1470 332 1563 quid
362 1470 594 1562 praeceperit.
618 1469 687 1541 Sed
715 1489 798 1541 mor
825 1470 1142 1542 animadvertimus
1166 1490 1209 1543 ex

132 1599 205 1670 hoc
226 1596 381 1669 consilio
403 1597 515 1667 multa
533 1595 761 1666 incommoda
780 1595 928 1677 oritura,
949 1603 983 1667 et
999 1575 1207 1687 praesertim

127 1723 205 1814 jam
229 1720 327 1792 dicta
346 1719 443 1792 haud
464 1721 574 1792 semel
596 1726 786 1791 retractare
802 1721 1042 1791 necessarium
1060 1739 1139 1792 esse
1155 1720 1208 1792 iu·

130 1854 257 1920 turum
273 1870 283 1930 ;
298 1841 404 1938 ¹quod
425 1847 570 1937 quidem
587 1846 691 1917 Vives
712 1865 784 1917 non
802 1846 942 1925 vitavit,
966 1864 1038 1916 non
1059 1847 1206 1936 culpan-

130 1973 203 2046 dus
224 1981 370 2055 tamen,
394 1973 527 2063 quippe
548 1972 611 2062 qui
631 1971 750 2043 multa·
770 1971 954 2063 scripserit
982 1973 1208 2061 multumque

130 2100 271 2190 scripta
291 2096 582 2189 amplificaverit,
606 2097 703 2187 quod
724 2116 806 2168 voro
826 2097 933 2168 nobis
956 2115 1028 2168 rem
1056 2095 1210 2167 breviter

77 2283 81 2290 .
130 2221 435 2295 contrahentibus
467 2221 616 2292 minime
646 2221 751 2292 licere
778 2220 1077 2292 existimavimus.
1115 2218 1208 2304 Quid

20 2367 21 2372 ‘
130 2367 217 2439 ergo
245 2348 284 2418 in
311 2364 529 2437 unaquaque
557 2364 593 2416 re
621 2345 891 2435 reprehenderit
923 2352 958 2416 et
989 2342 1207 2434 praeceperit

129 2473 240 2545 Vires
261 2472 368 2543 simul
388 2478 423 2543 et
440 2470 477 2541 in
500 2488 720 2561 unoquoque
740 2470 855 2560 capite
875 2470 1053 2549 dicemus,
1073 2475 1203 2539 totam-

131 2617 204 2690 que
227 2597 413 2669 materiam
433 2597 471 2667 in
492 2595 654 2686 quinque
675 2596 789 2686 capita
809 2595 1004 2686 partiemur
1026 2617 1035 2663 z

186 2727 230 2793 tm
251 2720 305 2791 De
323 2720 426 2790 totins
443 2720 655 2813 disciplinae
673 2718 760 2808 fine.

179 2851 226 2919 Ψ
249 2845 303 2916 Da
312 2846 446 2940 primis
457 2845 566 2938 pueri
580 2844 774 2937 mopistrt's,
787 2864 850 2916 seu
860 2844 903 2948 do
915 2844 1138 2935 pareatibus.
1155 2883 1201 2895 -

131 2970 367 3064 Empedoclea
384 2977 515 3040 ntotres
533 2969 658 3042 doctus
676 2990 746 3040 esse
768 2991 811 3038 oc
832 2968 987 3061 proinde
1008 2991 1052 3037 oe
1071 2966 1205 3062 puellus

107 3136 110 3141 ·
131 3097 316 3171 erudire?

185 3226 229 3294 5¹¹⁰
249 3222 303 3292 Dc
323 3221 454 3295 sauata
471 3227 503 3291 et
520 3218 721 3311 Moqt'strt's.
825 3243 828 3249 ·

183 3351 228 3418 [ιω
251 3346 303 3416 De
321 3346 471 3418 Artibus
485 3368 573 3440 quos
587 3345 701 3438 pueri
718 3345 885 3417 edocendi
901 3353 995 3416 suot.
1009 3387 1056 3398 -
1073 3344 1128 3416 De
1146 3368 1204 3416 eo-

132 3495 219 3540 rum
235 3493 384 3540 numero
398 3477 429 3541 et
445 3471 583 3540 ordine.
602 3511 649 3522 -
664 3471 720 3540 De
736 3471 874 3540 ratione
887 3493 945 3540 aas
960 3469 1137 3542 tradendi.
1156 3511 1201 3522 -

134 3596 190 3667 De
206 3617 337 3668 aarum
356 3613 568 3690 unaquoque
584 3595 792 3689 separatim.

185 3727 230 3794 5¹⁰
255 3720 456 3804 Conclusio,
471 3741 543 3813 qua
559 3721 656 3792 Vivis
676 3728 793 3812 partes
814 3729 849 3794 et
869 3723 984 3794 locum
1004 3722 1098 3794 inter
1117 3739 1204 3812 pue-

131 3865 256 3920 rorum
273 3848 469 3940 ‘magistros
489 3848 643 3919 breviter
663 3854 787 3921 notare
806 3846 1027 3919 conabimur.
