3284 5480
158 784 259 876 aliud·
284 785 450 857 invenies
473 783 545 857 nisi
572 785 672 858 tritas
698 785 932 877 vulgaresque
960 785 1157 858 sententias
1183 782 1222 856 in

158 918 274 999 partes
290 910 500 982 innumeras
516 910 644 982 tractas
659 929 700 982 ac
716 909 945 992 distributam
960 910 1056 1002 quod
1072 910 1221 982 minime

155 1032 341 1106 dividuum
365 1053 406 1106 ac
426 1035 580 1108 maxime
605 1036 758 1126 simplex
784 1041 907 1126 putes,
928 1042 1051 1108 auctor
1072 1034 1218 1126 diuidit,

154 1159 387 1250 multiplicat,
410 1161 553 1234 ordinat
571 1165 676 1245 ;'non
698 1180 778 1232 cum
808 1162 949 1234 rhetore
974 1161 1040 1233 tihi
1066 1180 1122 1233 res
1143 1169 1217 1242 est,

152 1282 216 1354 sed
244 1283 373 1356 iterum
392 1304 471 1358 cum
492 1278 677 1364 dialectico
692 1293 727 1358 et
746 1286 841 1367 aliis,
865 1287 927 1376 qui
943 1294 1064 1378 aperte
1082 1306 1121 1359 se
1141 1286 1219 1358 dia-

99 1415 105 1420 ’
150 1407 310 1480 lecticam
331 1410 470 1483 tradere
490 1412 717 1496 confitentur,
737 1413 953 1484 molestiora.
972 1413 1059 1484 Cum
1081 1419 1214 1492 tamen,

146 1531 358 1607 decurrente
376 1537 452 1607 XV⁰
472 1538 592 1609 seculo
612 1555 653 1609 eo
676 1538 874 1609 litterarum
894 1537 1123 1626 studioque
1141 1537 1215 1627 jam

149 1657 252 1728 ltalia
280 1658 457 1742 feruebat,
484 1669 603 1752 partes
628 1661 873 1734 occidentales
901 1663 1063 1752 Europae
1091 1661 1216 1734 ardere

146 1791 356 1874 coeperunt,
375 1787 488 1876 major
506 1787 698 1858 auctoritas
719 1787 927 1858 Rhetoricae
944 1785 1030 1868 iuit;
1051 1786 1216 1877 proprios

147 1907 276 1980 hahuit
306 1908 515 2001 magistros,
544 1911 676 2002 quihus
698 1918 827 2014 ‚tamen
858 1927 972 1999 usque
1005 1909 1050 1980 ad
1079 1927 1215 1980 annum

150 2035 243 2104 rost
271 2036 518 2125 llagistmrum
546 2011 754 2128 lingentium
783 2033 939 2126 dignitas
965 2053 1006 2106 ac
1031 2035 1215 2125 privilegia

146 2164 275 2250 negata
294 2158 392 2231 tuere
416 2157 427 2253 (
457 2157 484 2253 ).

197 2283 379 2368 Quaenam
406 2303 486 2357 veno
511 2285 583 2356 illis
609 2285 735 2375 primis
761 2283 964 2355 rhetoribus
993 2281 1099 2354 luerit
1125 2281 1226 2372 artis

146 2425 234 2478 suae
255 2407 450 2481 tradendae
469 2410 558 2481 ratio
576 2428 620 2482 eu
635 2409 726 2480 lihro
746 2407 926 2479 Guillelmi
946 2406 1098 2486 liuhad,
1119 2406 1214 2496 typis

145 2531 306 2604 mandati
326 2533 418 2605 circa
441 2536 552 2616 tt7t‚
575 2530 708 2604 inferre
730 2533 824 2604 licet.
848 2533 978 2603 Auctor
1006 2529 1106 2600 valde
1127 2548 1213 2618 que·

145 2656 236 2728 ritur
262 2656 301 2726 lu
329 2659 512 2747 prooemio
548 2658 814 2729 ‹Rhetoricam
844 2658 964 2728 Gallos
993 2661 1134 2726 nostros
1167 2652 1212 2724 ad

144 2779 211 2852 hoc
230 2786 372 2872 tempus
393 2783 573 2854 latuisse»
595 2782 641 2853 oh
659 2800 781 2854 eorum
798 2781 841 2852 de
855 2781 1044 2852 Dialectica
1063 2779 1210 2849 nimiam

146 2923 265 2976 curam
290 2930 298 2976 :
327 2924 446 2976 ‹nam
475 2906 519 2978 de
545 2906 776 2996 philosophia
802 2904 1002 2995 disputare,
1031 2902 1213 2992 disputata

146 3028 253 3100 nudis
277 3030 395 3102 verhis
420 3029 639 3109 describere,
668 3029 849 3120 plerisque
877 3026 1098 3098 nostratibus
1119 3025 1211 3096 cumi

147 3171 272 3234 mune,
295 3153 404 3243 idque
420 3152 485 3225 ieci
505 3153 668 3243 facioque
687 3160 726 3225 ut
746 3152 864 3225 ceteri.
888 3152 932 3224 ht
958 3170 1039 3223 vero
1066 3149 1209 3222 dicendi

146 3276 350 3360 scientiam,
372 3297 445 3349 non
466 3277 544 3350 dico
570 3278 696 3350 litteris
718 3277 888 3350 mandare
915 3277 978 3349 sed
996 3275 1208 3367 perpensius

146 3401 291 3490 quidem
311 3399 536 3493 cognoscere,
553 3409 758 3474 nostrorum
776 3419 881 3474 nemo
893 3408 1041 3473 conatus
1055 3398 1100 3471 ad
1114 3401 1211 3470 hunc

148 3525 241 3598 diem
269 3534 348 3608 est;
383 3554 398 3591 ι
440 3553 455 3590 ‹
484 3527 649 3617 quocirca
679 3545 751 3598 non
779 3526 938 3598 defore»
973 3526 1043 3597 sihi
1068 3524 1209 3596 veniam

144 3657 280 3741 sperat,
303 3670 382 3723 cum
410 3651 537 3722 «viam
558 3651 691 3724 nostris
715 3651 924 3722 hominihus
948 3650 1201 3741 incognitam»

142 3777 290 3866 aperiat.
315 3777 428 3861 Quam
453 3776 592 3847 veniam
621 3776 673 3847 illi
699 3794 772 3847 non
797 3775 999 3866 negandam
1020 3793 1207 3846 censemus

143 3900 276 3991 quippe
303 3900 366 3990 uui
391 3901 542 3971 multum
568 3919 609 3973 ea
633 3899 802 3991 indigeat.
832 3901 1033 3971 Doctrinam
1061 3898 1206 3988 quidem

142 4026 324 4098 Ciceronis
340 4032 447 4117 atque
458 4025 670 4112 Quintiliani
686 4024 816 4097 referre
830 4031 959 4107 tentam
972 4023 1075 4116 fingit
1089 4031 1206 4096 tamen

174 4333 206 4395 (l)
222 4333 282 4383 Bul.
299 4333 337 4382 Vl
347 4371 353 4395 ,
369 4333 424 4393 250,
441 4334 514 4384 citat.
530 4333 612 4397 Apud
627 4331 741 4392 Thurot,
758 4337 794 4381 Dc
810 4335 1028 4392 l'Orgauisatioo
1044 4335 1077 4380 olo
1094 4330 1205 4380 l'enser'-

140 4428 285 4485 anement,
302 4437 328 4486 p.
345 4422 393 4473 92·
