3284 5480
918 611 1078 674 -5g..

462 765 629 822 sermone
669 750 859 823 vernaculo
900 749 1198 833 mutuabatur‚...
1239 749 1324 823 inde
1357 755 1441 822 nata
1473 757 1524 824 est

460 873 646 947 barbaries
666 894 739 948 uon
761 894 851 960 uua,
874 876 965 948 siout
986 893 1056 946 una
1077 882 1152 947 erat
1169 875 1282 947 latina
1306 875 1444 967 lingua,
1466 893 1521 947 ue·

463 1018 541 1071 rum
575 1017 640 1072 sua
669 1000 798 1092 tuique
828 999 993 1083 nationi3
1023 1000 1129 1072 aliam
1163 1000 1299 1073 invexit
1327 999 1522 1092 Hispanus,

462 1125 569 1196 aliam
590 1124 727 1207 Gallus,
749 1125 854 1197 aliam
877 1126 1089 1208 Germanus,
1110 1125 1218 1216 aliam
1240 1125 1444 1206 Britannus,
1464 1141 1526 1196 neo
1603 1148 1604 1151 ¹

461 1250 499 1321 bi
521 1256 644 1322 mutuo
666 1266 704 1322 se
724 1250 975 1342 intelligebant
998 1247 1062 1344 (l).
1087 1276 1103 1314 ι

512 1377 605 1446 Haeo
625 1374 801 1446 sermonis
821 1373 1006 1446 barbaries
1024 1381 1099 1446 tum
1119 1393 1160 1448 ex
1178 1375 1289 1466 latine
1305 1375 1523 1468 loquentium

462 1498 664 1590 ignorantia
689 1517 728 1570 ae
756 1499 919 1572 socordia
947 1505 1030 1570 nala
1049 1506 1142 1578 erat,
1160 1505 1235 1571 tum
1256 1500 1466 1590 proesertim
1485 1516 1524 1570 ex

464 1643 569 1717 prave
598 1624 858 1716 disputantium
887 1625 1012 1716 putida
1040 1626 1254 1716 arrogantia.
1282 1627 1406 1715 inepto
1433 1623 1524 1696 enim

464 1748 515 1819 illi
536 1748 867 1839 pseudo-dialectici
887 1748 1080 1822 utebantur
1100 1766 1266 1822 sermone
1284 1749 1347 1841 qui
1365 1748 1412 1820 ab
1432 1745 1523 1820 omni

463 1871 724 1946 consuetudine
743 1873 959 1947 abhorrebat
978 1881 1014 1946 et
1035 1893 1058 1945 a
1077 1873 1240 1957 nomine,
1262 1871 1365 1946 dooto
1390 1873 1444 1945 vel
1471 1872 1523 1943 iu·

464 1997 587 2080 dooto,
609 2015 727 2088 neque
752 1999 805 2071 vel
832 1997 877 2070 ab
905 1997 995 2091 ipsis
1022 2017 1063 2072 eo
1092 1997 1278 2073 utentibus
1306 1997 1524 2090 intelligeba-

463 2129 521 2196 tur
544 2119 609 2216 (Ξ).
633 2124 701 2210 Qui
722 2142 760 2195 se
780 2123 981 2197 Aristotelis
1002 2123 1199 2216 discipulos
1219 2122 1419 2214 jactabant,
1442 2139 1525 2214 pure

463 2268 504 2321 ao
535 2248 691 2322 dilucide
719 2250 819 2340 loqui
846 2249 1098 2333 fastidiebant,
1126 2249 1230 2339 quasi
1259 2249 1426 2341 Magister
1453 2249 1526 2340 ipse

464 2392 537 2446 non
566 2373 905 2446 accommodavisset
932 2402 946 2438 a
975 2392 1076 2446 suam
1108 2373 1328 2446 dialeotioom
1355 2373 1400 2446 ad
1429 2372 1525 2445 illum

463 2499 644 2592 vulgarem
674 2517 875 2572 sermonem
905 2518 1011 2590 quem
1041 2507 1138 2573 totus
1167 2501 1323 2592 populus
1357 2500 1523 2590 loqueba·

464 2631 522 2698 lur
544 2622 648 2719 (5).»

513 2749 583 2822 Sed
606 2751 752 2843 gravius
773 2769 879 2842 quam
901 2751 1094 2833 voeabula,
1118 2751 1391 2822 Grammatioam
1413 2769 1524 2824 eorru-

463 2882 591 2968 perant
616 2902 631 2939 ‹
653 2876 817 2949 bomines
838 2875 943 2948 istius
963 2876 1113 2948 tarinae.
1136 2902 1152 2940 ι
1179 2878 1230 2948 lle
1249 2894 1321 2965 quo
1342 2876 1524 2948 uehemen-

463 3009 516 3073 ter
535 3001 617 3072 illos
632 3001 793 3093 inorepat
812 3002 931 3085 Vires,
950 3020 1028 3084 nuo,
1047 3019 1255 3093 quanquam
1272 3000 1380 3074 solito
1402 3001 1522 3077 aerior,

464 3132 499 3198 et
513 3125 566 3197 ira
585 3127 696 3217 magis
713 3126 852 3208 elatior,
872 3125 1145 3218 amplificationi
1162 3123 1337 3196 oratoriae
1354 3124 1523 3216 indulget.

465 3254 668 3343 Supersunt
686 3252 782 3323 enim
807 3271 827 3324 e
850 3251 1033 3324 oodioibus
1063 3251 1140 3324 suis
1167 3251 1281 3324 renati
1313 3246 1382 3344 (l),
1406 3250 1523 3321 Gram-

466 3379 583 3451 malici
612 3377 665 3449 illi
694 3385 816 3450 eontra
846 3396 937 3468 quos
964 3378 1225 3460 stomaobatur,
1257 3384 1292 3448 et
1318 3376 1419 3467 ipsos
1450 3389 1526 3446 suae

465 3503 650 3586 stultitiae,
664 3521 756 3592 quae
771 3502 844 3574 tere
860 3501 1081 3575 incredibilis
1094 3502 1274 3574 rideretur
1291 3500 1322 3572 si
1339 3518 1416 3572 eam
1435 3500 1525 3572 solus

464 3626 568 3698 Vives
597 3633 804 3710 testaretur,
834 3635 942 3700 teslos
969 3627 1157 3700 babemus.
1180 3629 1409 3719 Compertum
1440 3641 1527 3698 nune

465 3751 634 3823 omnibns
654 3760 709 3824 est
724 3754 997 3825 Grammatieam
1018 3755 1084 3824 bao
1102 3758 1217 3825 aetate
1235 3751 1395 3844 quotidie
1415 3752 1455 3823 in
1475 3767 1526 3842 po

496 4032 531 4096 (l)
546 4037 583 4082 De
599 4036 698 4082 causis
713 4039 926 4094 corruptarum,
944 4038 1004 4092 eto,
1020 4049 1045 4095 p.
1063 4033 1101 4082 9³.

496 4121 530 4185 (l)
546 4122 577 4170 In
591 4125 701 4170 Pseudo
717 4125 891 4183 mellenticus,
909 4122 947 4172 lu.

496 4210 528 4274 (3)
545 4209 625 4271 ibid,
642 4209 681 4260 ll.

495 4299 529 4362 (l)
554 4298 596 4348 Gi.
622 4299 738 4358 Thurot,
764 4302 876 4349 Noliees
902 4303 927 4349 et
951 4301 1078 4349 Extraits
1102 4302 1152 4348 eles
1174 4300 1362 4356 manuscrits,
1383 4297 1526 4361 inquibus

467 4389 564 4440 nescio
578 4393 641 4438 utra
656 4389 693 4438 sit
704 4389 857 4438 mirabilior
870 4389 1040 4452 patientiane
1056 4389 1178 4438 auctoris
1193 4401 1229 4437 an
1243 4387 1367 4437 seientia.
