3284 5480
595 655 755 716 -21..

135 788 389 878 felicioresque
401 787 528 861 liliosa
540 789 672 863 talibus
689 791 863 864 matribus
879 791 1086 866 institutos!
1104 793 1205 867 Certe

135 929 331 1003 puerorum
352 915 484 987 animis
502 923 601 988 tanto
621 935 755 995 amore.
776 924 988 1000 tentanum,
1010 919 1201 990 131113331-

135 1037 325 1110 licitudine
345 1041 495 1113 excultis
515 1040 635 1113 nescio
659 1040 746 1132 quid
772 1041 953 1133 singulare
973 1047 1008 1114 et
1031 1043 1201 1115 eximium

135 1159 257 1233 inesse
278 1161 403 1248 debet;
424 1164 654 1237 amabiliores
673 1164 813 1247 indole,
837 1166 1032 1238 teneriores
1052 1166 1200 1249 3113313,

135 1286 398 1360 emendatiores
418 1289 577 1361 moribus
597 1307 677 1361 sese
696 1288 890 1362 exhibeant
909 1295 1059 1380 oportet.
1084 1289 1201 1362 «Plus

134 1410 232 1482 'enim
254 1417 309 1484 est
333 1411 371 1483 in
401 1421 514 1486 1113113
539 1414 585 1486 ad
614 1412 837 1505 effingendos
865 1433 1056 1504 puerorum
1084 1432 1200 1486 moros

134 1551 244 1626 quam
262 1535 344 1626 quis
362 1544 473 1627 putet.
488 1538 553 1608 llla
568 1537 683 1609 lilium
695 1530 749 1610 v'el
765 1538 940 1628 optimum
957 1537 1070 1610 iacere
1084 1543 1202 1630 potest

132 1645 190 1731 rel
208 1659 406 1750 pessimum
428 1658 496 1754 (1).
520 1688 536 1725 ›
828 1743 831 1748 Ι

183 1785 254 1858 Sed
287 1803 360 1857 non
394 1786 561 1876 praeterit
592 1786 713 1859 leem
745 1785 920 1858 matribus
948 1786 1087 1859 facilius
1120 1805 1199 1861 esse

131 1909 275 1981 labores
296 1911 428 1983 multos
445 1912 518 2004 pati
539 1930 647 2002 quam
668 1911 753 1982 vitia
772 1911 839 1982 lilii
864 1913 1050 2004 corrigere.
1076 1914 1199 2003 ltaque

130 2034 272 2124 prolixe
290 2041 325 2107 ct
343 2036 573 2108 131131333131
598 2034 777 2107 funestam
803 2035 902 2106 illam
931 2037 1117 2109 mollitiem
1137 2037 1195 2107 in·

130 2163 307 2243 sectatur,
330 2161 478 2250 quaein
497 2161 581 2232 vitia
600 2161 755 2232 liliorum
777 2178 823 2232 ue
847 2161 1006 2233 saeviant
1025 2161 1194 2252 impedit:

130 2285 240 2356 terba
259 2286 438 2376 Sapientis
456 2285 625 2378 proponit
641 2292 676 2357 et
695 2273 878 2377 explicat:
903 2283 973 2363 Qui
985 2287 1103 2378 parcit
1121 2285 1194 2354 vir-

42 2463 50 2478 .
127 2415 200 2504 goe
218 2409 290 2480 odit
313 2409 432 2499 sitium
456 2433 573 2482 soom.
603 2436 618 2474 ‹
650 2412 795 2493 Matres
823 2412 1015 2492 exclamat,
1043 2412 1110 2484 boc
1134 2429 1194 2483 13-

128 2534 195 2604 lim
216 2552 261 2606 ne
279 2535 473 2627 ignoretis,
497 2535 688 2607 maximam
715 2543 851 2626 partem
880 2537 1054 2607 malorum
1080 2535 1195 2608 bomi-

128 2675 219 2730 num
249 2660 349 2732 vobis
383 2677 462 2732 esse
494 2659 729 2732 referendam.
760 2686 776 2723 ›
807 2661 850 2732 nt
882 2661 1046 2751 protinus
1083 2661 1196 2731 multa

128 2790 253 2857 narrat
271 2787 434 2876 exempla
457 2786 590 2857 atrocia
615 2803 659 2857 ex
679 2785 829 2857 historia
852 2804 952 2855 sacra
972 2785 1024 2855 131
1044 2783 1194 2875 protana

107 2907 237 2980 ducta
255 2909 294 2981 in
314 2910 446 3000 quibus
470 2910 565 2981 lilios
591 2909 710 2982 videre
734 2915 788 2982 est
812 2908 946 2980 crudeli
971 2907 1194 2999 indulgentia

129 3037 284 3104 matrum
311 3033 518 3126 profligatos
544 3033 763 3106 3133133333
788 3028 1034 3124 3331113311).
1060 3034 1193 3106 Omnes

129 3156 276 3246 quidem
321 3165 451 3230 matres
491 3167 563 3230 tam
606 3157 782 3231 terribiles
819 3175 905 3229 suae
949 3156 1193 3248 indulgentiae

127 3299 264 3372 poenas
300 3301 373 3354 non
402 3282 587 3374 pendunt;
620 3283 720 3354 nulla
755 3290 874 3355 tamon
908 3281 1085 3371 impunita
1109 3281 1188 3353 luit.

128 3407 283 3480 Caveant
318 3425 399 3500 ergo
434 3407 643 3499 diligenter,
679 3426 725 3479 ne
754 3408 845 3498 patri
879 3404 969 3478 illud
1001 3406 1190 3476 molestum

128 3531 336 3622 relinquant
381 3531 537 3604 cilicium
590 3532 684 3604 111133
726 3530 923 3623 castigandi
969 3530 1191 3601 severitatem

128 3674 200 3746 que
235 3656 272 3726 in
309 3674 370 3728 eos
406 3655 603 3730 adhibendi
629 3665 675 3729 ut·
695 3656 762 3729 sibi
799 3657 894 3729 solas
928 3661 1046 3746 partes
1075 3653 1192 3726 vindi-

157 3975 190 4040 (l)
206 3980 243 4025 De
258 3978 442 4025 Institutione
459 3978 591 4036 feminae,
608 3975 661 4026 258.

139 4065 191 4130 ¹(2l
207 4064 293 4114 Addit
305 4065 372 4113 illud
388 4066 500 4128 propria
515 4065 687 4128 experientia
702 4069 891 4128 compertum:
907 4064 997 4113 «Fuit
1012 4064 1112 4128 Brugis
1128 4078 1190 4112 cum

124 4157 194 4206 baec
207 4155 318 4205 ederem
330 4155 428 4204 mulier
441 4169 511 4218 quae
527 4156 596 4204 duos
610 4155 681 4204 filios
696 4154 934 4216 indulgentissime
949 4169 981 4202 33
997 4154 1112 4216 proinde
1128 4167 1190 4202 331-

124 4245 300 4310 ruptissime,
317 4245 434 4294 31113133
447 4245 534 4309 patris
550 4245 707 4300 voluntate,
724 4244 871 4302 educarat;
892 4243 938 4292 illa
954 4243 1108 4292 clanculum
1122 4255 1190 4304 sup·

59 4330 63 4338 '
124 4334 252 4398 peditare
271 4333 417 4398 pecuniam
439 4333 515 4382 unde
530 4332 670 4395 luderent,
687 4336 828 4395 potarent,
844 4335 1033 4381 scortarentur
1043 4343 1049 4390 ;
1073 4332 1189 4379 alterum

123 4421 196 4472 vidit
211 4435 391 4486 suspensum,
407 4422 523 4471 alterum
537 4421 627 4485 capite
642 4425 834 4471 truncatum.»
849 4419 1006 4483 (lutumst.)
