3284 5480
595 661 755 726 ..19-

138 800 288 874 dicisset
311 801 379 873 lton
399 807 472 873 tam
498 799 632 892 grande
650 817 742 873 onus
762 807 862 875 taum
880 800 1054 873 suauitate
1073 807 1207 894 tempe·

138 926 233 1008 rari,
264 932 347 997 ut...
375 929 502 1016 surgat
527 922 670 995 amoeni
694 924 808 994 neseio
834 923 927 1017 quid
950 943 992 997 ex
1018 924 1086 998 hoe
1110 925 1208 1000 fonte

143 1075 164 1112 n
185 1048 490 1130 sollicitudinum,
509 1066 762 1121 aerumnarum
783 1055 818 1121 et
836 1049 1067 1122 anxietatum.
1088 1075 1104 1114 ι

191 1172 263 1246 Sed
296 1172 384 1245 liaeo
415 1172 603 1246 haetenus.
640 1174 684 1246 Ut
713 1191 843 1264 pueros
873 1179 966 1246 rente
994 1173 1206 1259 instituant,

140 1302 318 1387 quaerant
337 1296 493 1388 primum
514 1305 680 1388 parentes
698 1316 821 1370 nonne
840 1297 909 1389 ipsi
930 1297 1084 1389 quadam
1105 1299 1209 1372 insti·

140 1421 281 1494 tutione
301 1421 500 1513 indigeant.
522 1423 622 1495 Multi
643 1421 738 1494 euim
765 1440 807 1494 er
834 1421 891 1493 his
911 1421 999 1494 satis
1017 1440 1097 1494 esse
1117 1425 1209 1496 eris·

140 1546 272 1617 tirnant
291 1546 321 1618 si
342 1547 478 1638 optima
499 1553 687 1629 moneant,
711 1546 847 1637 optima
866 1545 1086 1637 praecipiant
1104 1554 1139 1619 et
1153 1550 1210 1638 ju·

140 1667 271 1751 beans
295 1671 386 1742 seire
407 1677 526 1742 temen
548 1670 682 1744 debent
700 1689 773 1742 non
793 1670 961 1752 roribus,
990 1696 1005 1733 ‹
1026 1669 1089 1743 sed
1110 1671 1210 1744 laetis

142 1800 178 1865 et
213 1794 425 1885 exemplis»
452 1811 569 1866 mores
602 1812 795 1885 puerorum
828 1793 958 1866 reolins
990 1794 1208 1867 informari:

149 1941 164 1979 ‹
186 1935 270 1987 nam
298 1924 395 1990 aetas
416 1917 478 1988 illa
498 1918 604 2008 plane
624 1917 729 1989 simia
749 1922 816 1990 est.
838 1943 853 1980 ›
881 1917 945 1989 llio
962 1918 1066 1990 Vires
1086 1926 1210 1991 ornate

139 2047 175 2112 el
195 2041 339 2132 copiose
358 2041 509 2114 eximios
529 2048 654 2132 poene
672 2059 795 2114 versus
816 2047 1077 2114 commentatur
1099 2065 1108 2112 ε

271 2268 316 2317 Nil
331 2267 407 2318 dictu
423 2268 535 2318 foedum
555 2269 674 2331 visuque
688 2268 757 2317 hnee
770 2268 866 2318 limina
880 2272 975 2332 tangat

270 2356 346 2407 Intra
360 2371 431 2420 qune
445 2370 515 2420 puer
529 2361 571 2406 est
573 2394 952 2410 ..........

270 2443 389 2494 Maxima
404 2445 521 2495 debetur
536 2459 623 2509 puero
638 2447 793 2497 reverentia
796 2484 967 2498 .....
985 2447 1027 2511 (1).

141 2647 243 2734 Quae
262 2644 334 2717 sin-t
353 2663 435 2718 vero
457 2647 602 2738 propria
629 2645 740 2738 patris
760 2644 876 2718 offioia
899 2665 972 2719 non
993 2646 1070 2719 tuse
1093 2649 1207 2739 expli·

140 2776 212 2842 nat.
236 2769 391 2841 Breviter
418 2769 504 2841 dioit
528 2770 625 2842 huno
651 2789 758 2861 posse
783 2769 959 2843 eduoaudi
986 2789 1078 2844 onus
1105 2774 1211 2846 matri

141 2891 287 2965 credere
303 2892 485 2984 prioribus
504 2894 629 2976 annis,
652 2894 912 2987 posterioribus
938 2913 1020 2967 vero
1044 2914 1211 2989 praecep·

141 3017 285 3089 toribus
302 3024 337 3089 et
358 3018 537 3109 magistris
554 3037 644 3109 qnos
665 3020 741 3111 ipse
757 3018 919 3110 elegerit;
937 3019 1000 3091 sed
1016 3039 1095 3092 eum
1111 3021 1211 3094 addit

141 3141 183 3212 in
205 3140 262 3212 his
282 3141 457 3233 eligendis
483 3143 630 3214 multam
652 3143 744 3234 patri
764 3143 985 3234 diligentiam
1006 3162 1085 3216 esse
1108 3145 1211 3216 adni-

142 3265 315 3346 beudam,
338 3273 373 3338 et
398 3284 544 3338 uxorem
570 3269 697 3340 marito
725 3267 960 3339 erudiendam
980 3286 1059 3340 esse
1084 3287 1210 3359 «quae

137 3357 192 3460 'sit
219 3406 323 3471 oure,
355 3391 471 3471 ratio,
502 3391 632 3490 modus
658 3390 834 3464 educendi
864 3398 972 3480 etque
997 3390 1209 3463 instituendi

143 3511 278 3584 liberos
307 3509 417 3606 (i)‚»
450 3532 523 3584 non
551 3514 654 3587 iaoile
685 3513 822 3586 videtur
853 3514 1024 3604 quidnam
1054 3512 1209 3585 officium

142 3654 218 3708 uon
247 3636 294 3708 sit
320 3638 504 3728 proprium
531 3637 664 3728 patris,
694 3638 828 3729 quippe
848 3637 910 3727 qui
930 3638 1052 3708 omnia
1071 3637 1212 3728 cognita

142 3760 279 3833 habere
297 3765 332 3831 et
350 3759 395 3832 de
415 3760 584 3832 omnibus
604 3761 778 3833 sollicitus
799 3778 878 3833 esse
897 3760 1037 3834 debeat.

194 3882 382 3976 Copiosior
398 3891 454 3957 est
476 3885 580 3958 Vires
600 3884 645 3958 de
664 3886 808 3978 proprio
835 3885 958 3958 matris
985 3903 1146 3959 munere.
1163 3925 1211 3939 ·-

143 4007 250 4084 Prius
273 4034 290 4074 ‹
315 4008 450 4083 nutriet
474 4009 505 4082 si
534 4007 665 4102 poterit
687 4027 754 4082 suo
778 4009 887 4094 laete,
913 4015 948 4082 et
972 4009 1111 4102 parebit
1136 4008 1212 4083 roei

175 4328 210 4399 (l)
225 4339 264 4384 De
279 4333 465 4385 institutione
478 4331 616 4396 feminae,
632 4345 659 4397 p.
674 4327 730 4385 let.

174 4423 212 4487 li)
226 4427 264 4473 lle
278 4425 374 4484 omnio
388 4425 497 4484 martti,
510 4422 565 4476 368.
