3284 5480
613 620 774 684 ..15-

158 759 383 832 sanctitatem
404 759 496 832 tueri
523 765 559 832 et
584 766 740 832 mentem
767 759 913 851 optimis
933 759 1094 831 excolere
1119 757 1227 832 disci·

157 883 285 976 plinis.
304 886 403 956 Hauc
418 873 541 956 nostia
554 891 669 958 aetate
684 885 771 956 satis
787 883 915 956 fuisset
929 882 1227 956 obtrectatoribus

48 1085 52 1092 ,
157 1011 391 1103 profanorum
413 1011 625 1103 scriptorum
646 1027 925 1085 commemorare
943 1016 983 1082 ut
1000 1009 1120 1082 omnis
1139 1027 1226 1082 cou-

157 1137 333 1209 troversia
352 1144 638 1228 componeretur.

210 1262 331 1334 Totam
356 1261 453 1334 Vivis
486 1262 531 1334 de
560 1262 634 1334 tina
655 1261 878 1335 educationis
907 1260 1129 1344 doctrinam,
1162 1261 1229 1333 boc

158 1387 406 1479 complectitur
426 1387 572 1460 verbum
597 1413 605 1458 :
635 1414 650 1452 ‹
671 1388 839 1461 Doctrina
858 1386 914 1460 cui
938 1406 1010 1458 non
1035 1385 1230 1479 respondet

158 1511 254 1594 vita,
277 1530 332 1585 res
353 1518 407 1584 est
429 1512 631 1605 perniciosa
650 1531 690 1584 ac
710 1513 825 1605 turpis
849 1509 912 1607 (t).
935 1539 951 1576 ›
980 1514 1060 1609 Mox
1079 1512 1228 1584 Rebela-

160 1637 239 1708 sius
258 1644 379 1710 noster
399 1636 491 1710 dicet
517 1638 589 1710 iere
614 1638 742 1711 iisdem
764 1638 881 1710 verbis
905 1662 913 1709 :
942 1637 1122 1708 ‹Science
1142 1655 1228 1709 sans

160 1763 369 1835 conscience
397 1764 490 1835 n’cst
520 1782 590 1853 que
620 1763 725 1836 ruine
758 1763 802 1836 de
834 1764 954 1835 i’tme.
984 1789 999 1825 »
1031 1762 1100 1835 Sed
1130 1761 1228 1834 Vivis

48 1981 53 1992 ι
160 1853 341 1960 sen'tentia
374 1889 475 1960 nullo
509 1888 615 1961 modo
645 1889 756 1962 rideri
786 1895 904 1980 potest
933 1888 1039 1980 iugar
1073 1885 1229 1960 scintilla

159 2013 321 2104 ingenii,
344 2032 462 2087 rerum
487 2015 618 2086 circum
648 2014 859 2105 praecordia
887 2014 1073 2096 ludentis3
1095 2013 1229 2104 optime

160 2136 258 2209 euim
287 2139 451 2212 cohaeret
471 2158 551 2211 curn
579 2147 651 2212 tota
671 2141 763 2212 serie
789 2139 968 2212 rationum
992 2157 1033 2211 ac
1058 2155 1227 2229 praecep·

160 2268 279 2335 torum
299 2272 393 2337 recto
417 2265 544 2337 ordine
569 2265 826 2356 dispositorum
857 2272 892 2337 et
921 2281 1107 2354 uunquam
1136 2261 1229 2334 inter

60 2409 67 2420 ·
160 2404 201 2458 se
220 2389 478 2479 pugnantium
502 2389 599 2481 quod
623 2409 666 2462 er
695 2388 933 2480 sequentibus
956 2387 1134 2480 capitibus
1154 2387 1226 2459 cia-

161 2511 238 2584 rius
257 2530 299 2585 ac
318 2512 543 2600 manifestius
559 2515 760 2607 apparebit.

193 2765 227 2829 (i)
242 2765 323 2828 leid„
338 2767 393 2820 276.
