3284 5480
590 603 752 666 ..pp-

1 737 13 785 ss
129 744 183 815 cis
205 762 247 815 ac
266 743 402 815 Latinis
422 742 658 833 scriptoribus
678 741 832 814 senserit
854 759 928 813 uon
948 739 1054 812 nobis
1074 746 1129 812 est
1149 758 1202 812 re·

129 867 336 940 ferendum.
360 869 433 940 lloc
448 874 587 939 tantum
607 886 629 937 a
647 873 769 939 nostro
785 866 936 939 consilio
954 884 1027 938 non
1044 865 1201 938 alienum

129 993 201 1064 erit
232 1011 430 1065 memorare
462 993 584 1064 Vivem
616 992 655 1064 in
680 999 803 1084 poetas
831 990 1027 1082 asperrime
1059 989 1202 1073 invehi,

131 1117 198 1208 qui
222 1116 329 1189 honis
358 1118 520 1189 moribus
547 1124 618 1188 tam
645 1134 772 1208 perum
798 1117 1005 1202 consulant,
1030 1122 1064 1188 et
1084 1116 1204 1207 proni·

6 1260 17 1292 -·
130 1242 222 1315 here
249 1261 295 1314 ne
319 1241 373 1314 illi
398 1243 520 1334 pueris
549 1241 737 1315 tradantur
759 1242 831 1315 nisi
857 1240 1124 1315 accuratissime
1145 1259 1205 1312 ex·

132 1367 294 1460 purgati.

184 1493 253 1564 llic
271 1510 353 1564 vero
373 1491 525 1564 occurrit
545 1491 708 1583 quaestio
732 1492 776 1564 de
797 1492 854 1564 lris
875 1492 978 1565 libris
999 1492 1061 1584 qui
1081 1492 1207 1565 inscri-

1 1604 10 1672 ἶ
132 1618 274 1690 huntur
296 1642 305 1689 :
330 1614 520 1708 Eccerpto
541 1625 576 1690 et
596 1617 634 1689 in
654 1618 787 1708 quibus
813 1617 900 1689 solis
921 1618 1023 1689 multi
1045 1623 1207 1690 auctores

134 1743 246 1815 etiam
288 1743 443 1832 optimus
473 1744 588 1834 legere
626 1744 756 1815 solent.
798 1743 1003 1816 Pullulabat
1036 1744 1131 1816 enim
1166 1763 1207 1816 eo

12 1873 23 1942 ἶ
138 1867 1209 1960 temporenaeenrcerptorumsegesproptarlihrorumino-

1 2000 21 2052 .2
136 1994 258 2085 piam;
281 2010 373 2083 quae
393 1992 539 2083 quidem
556 1999 631 2064 tum
647 1994 840 2084 legentium
859 1993 1018 2078 utilitati,
1037 2002 1111 2067 tum
1128 2014 1209 2068 auc·

14 2125 25 2174 2⁴·
136 2124 258 2190 torum
276 2116 408 2207 gloriae
427 2117 682 2189 detrimentum
700 2116 826 2188 allerre
844 2117 901 2189 his
920 2118 1037 2190 verbis
1053 2118 1209 2191 declarat

2 2247 25 2302 εἴ
137 2242 245 2314 Vives
269 2265 277 2312 :
305 2267 320 2305 ‹
341 2241 487 2313 luveun-
500 2248 586 2314 sunt
604 2242 641 2313 in
659 2241 757 2313 omni
777 2261 905 2333 genere
924 2243 1125 2316 studiorum
1146 2246 1209 2336 qui

10 2375 25 2428 :'·
138 2366 302 2440 desidiae
317 2366 544 2440 consulerent
560 2367 717 2440 collectis
732 2387 774 2440 er
791 2369 941 2441 lectione
955 2376 1114 2443 veterum
1130 2371 1209 2462 qui·
1324 2439 1325 2444 l

137 2491 294 2564 busdam
317 2510 380 2564 ceu
407 2491 589 2575 flosculis,
611 2480 660 2564 ne'
683 2492 819 2583 priscos
839 2493 922 2564 illus
942 2494 1074 2585 posteri
1101 2494 1210 2567 habe·

18 2621 26 2690 i
139 2623 224 2689 rent
243 2615 478 2707 perlegendos
496 2616 707 2688 homines...
728 2623 897 2690 centones
917 2617 1126 2708 hujusmodi
1145 2637 1209 2709 pro

138 2740 269 2813 solidis
298 2741 416 2831 magni
436 2740 595 2812 nominis
616 2742 821 2813 auctoribus
842 2743 1016 2832 compleri
1038 2751 1135 2816 suut.
1159 2745 1211 2816 lte

138 2884 239 2936 nunc
254 2867 506 2957 Hieronymus,
521 2865 796 2957 chrysostomus
816 2873 851 2938 et
870 2866 976 2956 prisci
998 2867 1051 2937 illi
1071 2868 1210 2960 religio-

0 3005 23 3054 c
139 2990 201 3063 nis
213 2998 357 3063 nostrae
372 2989 563 3081 scriptores
578 3008 704 3062 noner
718 2990 963 3081 suisipsorum
979 2992 1211 3068 monimentis

6 3236 22 3292 'i

7 3493 20 3554 t'

139 3110 419 3208 cognoscuntur,
442 3114 506 3187 sed
526 3133 570 3188 ex
589 3115 815 3188 collectaneis
836 3119 1094 3190 sententiarum
1116 3120 1209 3193 Petri

62 3299 65 3306 ⁴
141 3240 355 3323 lombardi,
388 3260 431 3313 er
457 3241 590 3313 Calena
614 3243 730 3313 Aurea
751 3241 828 3312 Divi
863 3242 1036 3326 inomao,
1070 3251 1104 3316 et
1128 3244 1210 3316 aliis

141 3365 350 3457 rhapsodiis
386 3365 464 3456 eius
504 3371 656 3437 nolae...
689 3367 926 3437 Detrunoatus
965 3373 1019 3438 est
1052 3367 1211 3441 Lutetiae

140 3491 354 3563 Aristoteles
382 3496 416 3562 et
439 3488 592 3561 traditus
612 3491 670 3560 vir
691 3489 900 3562 dimidiatus
990 3491 1040 3564 Ne
1064 3491 1116 3562 sic
1135 3492 1212 3583 qui·

12 3623 21 3649 '¹
143 3615 227 3688 dem
248 3613 425 3686 breviaria
443 3614 531 3685 haec
551 3614 698 3686 lectores
718 3613 927 3701 inveniunt,
949 3594 1095 3706 longum
1114 3617 1209 3689 eris·

7 3751 21 3804 ,t

1 4133 19 4180 f

129 3733 292 3814 ¹timatur
320 3758 362 3811 ea
382 3757 604 3830 percurrere,
632 3739 679 3812 sit
700 3739 787 3812 satis
812 3739 950 3812 indices
970 3748 1032 3812 aut
1052 3741 1212 3813 rubricas

144 3882 366 3956 percurrere.
385 3865 453 3950 Qui
473 3871 627 3955 possunt
645 3871 829 3937 auctorum
850 3882 979 3936 sensus
1000 3865 1134 3957 percipi
1152 3865 1213 3938 de·

145 3989 234 4062 serti
253 3996 289 4061 et
306 3988 469 4061 destituti
489 3989 566 4060 suis
587 3989 683 4062 velut
699 3989 919 4061 fulcimentis
938 3984 1018 4081 (¹I‘?
1038 4016 1053 4052 s

197 4115 293 4200 Quas
311 4113 566 4186 insectationes
586 4115 644 4186 hic
664 4133 736 4186 non
758 4113 1064 4204 transcripsissem
1084 4112 1156 4184 nisi
1176 4114 1214 4184 in
1333 4107 1336 4114 ’

179 4391 213 4460 (1)
230 4401 266 4445 Dc
282 4397 395 4455 Caucis,
411 4395 458 4445 lib.
475 4391 501 4457 1,
516 4409 538 4444 c.
556 4391 638 4457 VIII,
654 4410 681 4458 p.
696 4393 734 4446 ol.
