3284 5480
890 545 1048 609 ..12-

435 705 514 760 cum
530 687 568 758 in
582 685 734 778 legendo
753 685 808 758 rol
825 685 988 776 ineptum
1005 684 1042 755 in
1060 683 1307 758 ratiocinando
1322 691 1357 758 te
1371 683 1502 758 lateme

436 829 583 883 necesse
602 809 675 883 est!
696 847 741 862 -
764 809 920 902 Longius
940 815 1042 901 urget
1061 829 1169 900 quam
1190 810 1296 882 nobis
1314 827 1405 901 opus
1424 827 1502 882 esse

435 935 610 1008 rideatur.
640 935 772 1008 Omitto
793 954 875 1027 ergo
895 942 1105 1026 argumenta
1124 934 1170 1006 ab
1190 935 1341 1008 historia
1367 934 1497 1026 petita,

435 1060 569 1152 quihus
608 1059 831 1133 demonstrat
869 1063 990 1133 Patres
1027 1061 1205 1132 Ecclesiae
1240 1079 1281 1132 ac
1317 1059 1499 1150 theologos

435 1186 594 1277 priorum
624 1186 902 1257 christianorum
935 1193 1135 1275 temporum
1164 1185 1362 1258 litterarum
1390 1184 1500 1275 gloria

436 1309 544 1382 simul
560 1329 602 1381 ac
615 1311 769 1401 puritate
785 1309 967 1382 doctrinae
982 1310 1167 1391 claruisse,
1188 1317 1226 1382 ut
1240 1311 1345 1390 citius
1361 1309 1499 1382 ueniam

433 1435 479 1506 ad
499 1434 778 1509 confutationem
798 1437 945 1508 alterius
964 1436 1124 1508 criminis
1138 1437 1267 1509 litteris
1282 1435 1386 1517 illati,
1407 1435 1499 1508 scili·
1533 1495 1541 1516 ,

434 1566 489 1633 cet
506 1579 567 1633 eas
589 1563 748 1634 moribus
769 1563 851 1653 plus
872 1579 980 1653 quam
1000 1561 1082 1634 lidei
1099 1561 1319 1652 perniciosas
1336 1559 1495 1632 evadere.

483 1685 593 1778 Cujus
630 1687 791 1760 criminis
827 1687 979 1778 gravitas
1017 1687 1139 1758 Vivern
1179 1687 1327 1758 minime
1362 1684 1450 1775 fugit
1487 1708 1495 1754 :

440 1838 455 1876 ‹
478 1813 551 1883 lloc
571 1814 661 1895 loco,
678 1813 740 1896 ait,
760 1803 964 1903 justissime
981 1811 1134 1883 occurrit
1153 1811 1197 1882 de
1216 1810 1319 1882 libris
1339 1808 1499 1900 prolano·

434 1955 513 2008 rum
534 1939 722 2010 hominum
743 1937 904 2029 legendis
923 1938 1062 2029 gravior
1080 1935 1243 2027 quaestio
1267 1943 1301 2008 et
1320 1953 1404 2006 cure
1423 1933 1498 2024 dig-

434 2063 514 2133 nior
545 2058 616 2156 (lll
652 2090 666 2127 r
701 2065 869 2135 Pervetus
908 2063 1054 2153 quidem
1093 2062 1256 2152 quaestio
1291 2067 1326 2133 et
1359 2078 1500 2152 quaque

433 2191 546 2258 aetate
567 2193 755 2269 renovata,
778 2205 862 2258 nem
891 2207 912 2258 a
942 2205 1037 2258 nono
1066 2186 1184 2258 seculo
1211 2183 1390 2276 usquead
1412 2202 1496 2255 uos-

432 2317 527 2383 trum
546 2313 690 2402 saepius
710 2311 748 2382 in
767 2312 964 2385 contrarios
983 2329 1113 2384 sensus
1129 2311 1405 2383 christianorum
1424 2308 1499 2380 ani-

433 2454 511 2507 mos
531 2435 674 2508 diduxit
699 2433 763 2530 (ἓ).

482 2560 622 2633 Vivicus
637 2578 718 2633 vero
739 2580 868 2634 seusus
888 2569 923 2635 ot
940 2561 1064 2654 pietati
1084 2566 1119 2633 et
1133 2560 1261 2634 litteris
1283 2560 1390 2632 simul
1411 2559 1499 2630 mire

432 2687 607 2776 congruit.
630 2689 773 2760 Fatetur
799 2689 954 2778 primum
980 2687 1104 2759 multis
1129 2685 1289 2777 prolenis
1315 2685 1497 2776 scriptori·

431 2810 500 2882 hus
530 2838 546 2875 ‹
574 2811 694 2883 inesse
723 2813 874 2884 multum
904 2811 1060 2883 malitiae
1093 2811 1352 2894 eutrandum,
1385 2809 1498 2900 pluri-

432 2955 603 3027 mumque
623 2927 750 3009 veneni
776 2937 872 3027 quod
898 2955 939 3008 eo
960 2937 1196 3027 periculosius
1216 2943 1270 3008 est
1296 2954 1367 3026 quo
1396 2935 1500 3007 melle

433 3063 544 3153 magis
572 3069 626 3134 cst
656 3069 890 3153 temperatum
923 3059 987 3156 (5).
1010 3089 1026 3126 ›
1053 3062 1155 3148 Quod
1180 3068 1233 3133 est
1262 3069 1381 3134 autem
1409 3058 1499 3132 illud

431 3184 633 3259 venenum?
659 3213 674 3250 ‹
700 3186 891 3258 Multorum
912 3186 1097 3268 vitiorum,
1120 3187 1191 3265 eit,
1211 3186 1355 3264 laudes,
1377 3193 1416 3258 ut
1436 3205 1497 3257 su·

433 3311 589 3402 pertiae,
613 3312 699 3393 irae,
722 3312 964 3394 crudelitatis,
990 3311 1262 3383 admirationem
1284 3319 1392 3401 atqcue
1411 3311 1498 3382 ado·
1558 3343 1563 3352 ·

432 3437 605 3508 rationem
636 3438 835 3526 potentiae,
867 3456 996 3527 opum,
1027 3438 1267 3527 voluptatum,
1293 3444 1382 3519 eto,
1404 3434 1501 3507 unde

432 3580 578 3634 necesse
598 3562 812 3642 omonimo,
836 3563 919 3634 velit
946 3563 1057 3643 nolit,
1081 3563 1232 3634 rrrultum
1258 3561 1330 3633 doli
1355 3569 1389 3634 et
1415 3579 1498 3650 cap·

463 3883 496 3948 (l)
513 3888 549 3932 Dc
567 3885 726 3932 Tradendis
741 3885 914 3943 disciplinis,
930 3882 985 3933 269,

462 3973 494 4038 (2)
513 3971 554 4022 Ol.
580 3975 619 4020 tes
639 3975 735 4021 Ecoles
751 3973 925 4032 episcopales
941 3977 966 4020 et
983 3975 1190 4033 mancationes,
1208 3977 1320 4022 auctore
1338 3972 1415 4023 Leon
1431 3971 1500 4022 Mai-

432 4068 488 4122 tre,
508 4061 649 4119 Lutetiae,
673 4059 745 4119 1866,
766 4061 813 4109 ubi
832 4061 941 4110 videbis
962 4061 1110 4109 Alcuinum
1130 4061 1302 4124 poenituisse
1322 4062 1396 4125 quod
1418 4062 1500 4111 nimis

430 4152 547 4214 Virgilio
568 4150 739 4198 indulsisset.
762 4176 793 4185 -
816 4149 857 4200 Of.
883 4151 1044 4199 innumeros
1069 4150 1155 4200 libros
1177 4155 1303 4200 recenter
1324 4152 1414 4200 editos
1435 4151 1500 4198 dum

432 4242 565 4305 agebatur
581 4240 833 4288 illacontroversia
847 4241 930 4302 vulgo
946 4239 1021 4289 dicta
1036 4253 1042 4288 z
1058 4245 1101 4289 Du
1119 4244 1172 4289 Ver
1186 4254 1319 4301 renuetur.

464 4329 498 4394 (3)
513 4334 551 4379 De
568 4330 736 4388 Tradendis,
750 4327 804 4379 270.
