3284 5480
123 779 253 872 potius
284 781 414 854 solitos
440 781 681 872 Hispanorum
710 780 888 872 ampullas
915 788 1054 854 tantum
1080 788 1204 866 sonet,

124 913 300 979 nostrum
323 907 392 979 erit
412 907 449 976 in
470 907 536 978 hac
556 905 799 997 disputatione
816 907 1017 979 ostendere.

176 1033 259 1103 Jam
281 1049 368 1103 vero
390 1033 456 1103 hoc
476 1037 695 1123 compertum
712 1031 888 1104 habemus
904 1032 1069 1105 eumdem
1085 1033 1206 1105 Vivem

125 1158 173 1231 de
194 1158 335 1248 puerili
355 1158 584 1230 institutione
603 1157 839 1229 disserentem
860 1175 939 1230 esse
965 1165 999 1231 et
1021 1165 1148 1232 testem
1174 1166 1209 1232 et

127 1301 326 1356 censorem
344 1290 379 1355 et
396 1290 674 1375 praeceptorem.
694 1283 841 1372 Propria
855 1283 951 1354 onim
972 1284 1205 1374 experientia,

127 1426 227 1499 quae
263 1408 335 1478 hae
361 1415 477 1480 aetate
508 1415 604 1480 esset
636 1407 830 1497 atquibus
858 1407 1033 1498 indigeret
1059 1408 1121 1479 iiia
1149 1427 1208 1480 ars

127 1531 319 1605 educandi
346 1531 382 1603 in
414 1531 704 1604 occidentalibus
725 1533 888 1621 Europae
911 1532 1074 1622 partibus
1103 1550 1210 1604 nove·

82 1721 86 1730 .
128 1665 199 1730 rat.
213 1656 447 1729 Academiam
458 1657 685 1728 Valentinum
701 1663 736 1728 et
754 1655 992 1728 Parisiensen
1009 1656 1207 1748 discipulus

128 1782 399 1874 frequentavit,
423 1781 681 1854 Lovaniensem
702 1788 737 1854 et
757 1781 997 1854 oxoniensem
1019 1783 1204 1872 magister:

129 1909 272 1980 multos
292 1907 516 1998 amplissimo
537 1925 664 1998 genere
685 1908 817 1980 liberos
837 1907 1001 1999 privatim
1018 1908 1150 1989 docuit,
1169 1908 1207 1978 in

128 2033 265 2124 primis
294 2015 440 2106 Mariam
462 2032 601 2117 Tudor,
631 2033 774 2106 Henrici
793 2009 891 2114 Viti,
918 2034 1010 2123 regis
1039 2033 1205 2123 angliae,

129 2157 266 2228 titiam.
295 2158 373 2229 Non
398 2176 479 2249 ergo
506 2157 612 2230 nobis
640 2177 696 2230 res
722 2164 776 2230 est
801 2176 880 2229 cum
908 2157 1054 2229 homine
1080 2157 1207 2248 quide

130 2283 261 2374 pueris
285 2288 318 2353 et
338 2281 382 2353 de
401 2282 601 2373 puerilibus
626 2282 756 2354 studiis
782 2283 936 2355 oratorio
966 2283 1020 2354 vel
1047 2283 1207 2372 philoso-

130 2407 244 2498 phico
265 2424 363 2477 more
383 2405 739 2487 nortmannicum
757 2426 797 2479 eo
813 2407 875 2497 qui
896 2413 1004 2478 totam
1021 2407 1206 2479 materiam

130 2531 214 2622 ipse
235 2530 351 2622 attigit
370 2538 404 2603 et
427 2531 610 2614 tractavit,
632 2532 694 2622 qui
715 2531 916 2603 scholarum
938 2531 1022 2603 vitia
1045 2531 1204 2622 discipu·
1247 2593 1249 2598 ,

130 2657 193 2728 lus
215 2657 352 2739 sensit,
376 2664 410 2729 et
430 2657 588 2728 remedia
609 2656 739 2729 idonea
765 2656 932 2748 magister
953 2657 1121 2742 tentavit,
1144 2656 1206 2747 qui

132 2780 283 2854 demum
305 2782 443 2873 legibus
464 2802 554 2873 quas
574 2783 747 2876 praecipit
766 2783 844 2872 ipse
864 2783 963 2873 prius
985 2800 1072 2854 usus
1092 2781 1170 2854 tuit.

184 2906 316 2978 Multos
337 2907 479 2999 scripsit
499 2907 542 2980 de
562 2907 692 2998 puerili
712 2906 939 2979 institutione
959 2907 1091 2992 libros,
1112 2925 1202 2996 quos

134 3049 218 3102 rum
238 3029 299 3102 aiii
320 3031 365 3102 ad
384 3031 587 3104 universam
609 3032 717 3122 huius
742 3030 983 3104 institutionis
1010 3031 1201 3115 rationem,

134 3155 199 3228 alii
233 3157 278 3228 ad
311 3156 484 3247 quasdam
519 3165 614 3229 artes
646 3156 767 3249 pueris
800 3157 993 3230 tradendas
1027 3163 1200 3248 spectant.

135 3284 296 3368 Quorum
317 3281 454 3374 priores
475 3291 588 3355 sunt:

191 3410 224 3476 t⁰
250 3405 356 3478 Dnae
378 3405 564 3500 Epistotae
586 3407 630 3478 de
652 3405 802 3478 Ratione
822 3405 943 3478 Stadii
960 3405 1110 3500 puerilis
1133 3405 1144 3500 (
1168 3407 1200 3495 i,

187 3533 223 3602 2⁰
249 3529 305 3602 De
322 3529 539 3603 Institutione
557 3532 714 3627 feminae
733 3531 963 3604 Christianae
981 3530 1054 3627 (ᾖ),

188 3660 225 3728 3⁰
251 3655 307 3727 De
328 3655 451 3750 Officio
470 3655 627 3752 inaniti(
653 3654 688 3753 ),

187 3784 224 3853 le
250 3780 305 3851 De
326 3779 454 3855 Caesis
472 3787 733 3878 corruptarum
752 3781 887 3854 untinrn
906 3778 980 3877 (d),

169 4143 204 4211 (1)
219 4146 301 4198 Anno
318 4137 519 4210 taeterrimae,
535 4145 626 4196 editae
640 4159 714 4196 anno
730 4145 798 4198 1528.

169 4236 202 4300 e)
218 4236 287 4298 1523,
303 4235 390 4288 eurr...
408 4235 475 4288 isra.
692 4239 695 4246 ’

169 4326 202 4390 (a)
218 4325 287 4388 1523,
302 4327 388 4376 eurr...
406 4326 474 4378 1538.

169 4415 203 4480 (r)
220 4415 288 4468 1531.
