3284 5480
181 801 273 870 Num
313 799 394 871 ideo
424 801 543 872 omnis
576 798 728 871 imitatio
762 807 817 870 est
849 797 1099 890 prohibenda?
1131 799 1200 869 lli-

134 923 243 995 nime.
265 924 497 996 «imitatione
507 923 724 1015 indigemus,
744 950 758 986 ι
777 924 956 1004 aitllires,
978 924 1063 1014 qnia
1078 941 1200 995 exem-

133 1048 193 1138 pla
214 1048 323 1120 altius
353 1049 486 1119 animis
520 1049 710 1120 inhaerent
741 1066 848 1137 quam
870 1055 1070 1139 praecepta,
1092 1055 1201 1138 atque

133 1173 284 1244 oratoris
304 1172 427 1244 eximii
446 1171 669 1244 consuetudo
687 1173 769 1263 plus
790 1172 881 1244 valet
896 1171 941 1243 ad
954 1172 1198 1262 eloquentiam

133 1295 345 1368 tradendam
355 1315 464 1388 quam
479 1315 605 1369 omnes
616 1297 660 1367 de
670 1296 857 1368 Rhetorica
873 1297 999 1368 libri.»
1014 1296 1084 1368 Sed
1096 1315 1203 1386 quae·

133 1438 215 1494 nam
236 1430 291 1494 est
309 1441 391 1494 vera
409 1424 501 1494 ratio
521 1420 711 1494 imitandi?
730 1423 830 1492 Hanc
855 1421 959 1494 Vives
986 1422 1120 1512 optime
1139 1423 1199 1493 in-

133 1548 258 1620 dicat:
293 1546 339 1618 ad
372 1548 440 1619 lroc
468 1549 565 1619 enim
596 1548 755 1619 imitator
781 1523 988 1619 incumbere
1017 1546 1124 1619 debet
1161 1553 1204 1618 ut

134 1672 318 1750 orationis,
340 1689 449 1761 quam
468 1672 539 1743 sini
559 1671 726 1762 proponit
744 1672 939 1761 exemplar,
961 1670 1124 1742 intimam
1149 1690 1203 1742 ar-

22 1857 23 1870 ,
134 1803 203 1869 tem
216 1797 256 1867 in
278 1813 318 1868 se
329 1796 534 1876 transierat,
556 1815 628 1868 non
650 1804 767 1868 autem
787 1814 890 1867 voces
911 1802 945 1868 et
963 1795 1200 1868 elocutionem

133 1921 201 1993 sihi
221 1920 482 1992 accommodet.
515 1920 722 1992 laudabilis
756 1919 817 1991 ille
847 1917 1106 1990 Ciceronianus
1133 1919 1202 1990 erit

132 2047 193 2135 qui
212 2045 282 2116 sibi
303 2043 502 2117 adsciscere
521 2045 656 2116 valebit
681 2071 697 2108 ‹
732 2063 850 2116 rerum
871 2046 1144 2135 praeteritarum
1166 2052 1203 2116 ct

92 2247 95 2252 ,
132 2169 375 2260 praesentium
410 2171 672 2260 cognitionem,
700 2169 953 2241 scrutationem
984 2175 1198 2241 sectatorum

132 2279 352 2384 sapientiae,
382 2295 629 2365 tractationem
662 2293 810 2364 humani
839 2283 973 2376 animi,
1008 2293 1200 2385 colligendi

132 2435 325 2489 acumen»
357 2423 393 2488 et
418 2413 545 2488 'omues
574 2417 655 2489 illas
684 2418 832 2488 virtutes
866 2445 880 2480 ‹
911 2418 1045 2507 quillus
1078 2415 1211 2490 omnia

133 2543 295 2622 senatui,
327 2545 461 2633 populu
498 2550 533 2614 et
556 2540 740 2632 judicibus
766 2541 1028 2632 persuaserit»
1062 2543 1197 2614 Cicero.

132 2667 333 2739 Virtutibus
362 2666 454 2749 illis,
482 2667 603 2757 potins
634 2685 743 2756 qnam
776 2666 985 2738 «facultate
1010 2667 1199 2739 verborum

133 2799 177 2868 et,
200 2791 369 2864 dictionis
399 2818 414 2855 ›
451 2792 632 2864 Ciceronis
664 2791 905 2882 eloquentiam
931 2798 970 2862 tu
995 2793 1201 2881 assequeris

134 2932 199 2987 nec
224 2922 345 3000 tamen
369 2916 599 3006 compilabis.
630 2916 789 2996 sittim,
816 2916 970 3006 exempli
993 2917 1126 3006 gratia,
1155 2915 1201 2988 de

135 3057 171 3111 re
197 3040 354 3130 quadam
372 3039 563 3112 dicendum
585 3039 629 3111 de
657 3059 729 3130 qua
754 3041 840 3111 olim
869 3041 1007 3112 Tullius
1033 3040 1201 3112 hahuerit

135 3165 355 3246 orationem;
376 3166 527 3257 inspice,
550 3184 704 3255 quaeso,
729 3165 910 3255 quomodo
928 3184 1099 3237 romanus
1119 3184 1199 3237 ora-

81 3387 85 3396 ,
126 3296 188 3360 tor
207 3307 246 3361 se
264 3296 362 3381 gerat
380 3291 418 3361 in
440 3290 505 3362 lrac
521 3291 670 3362 materia
688 3290 886 3373 tractanda,
908 3310 1015 3381 qnam
1037 3291 1129 3362 riam
1151 3297 1200 3363 te-

135 3423 238 3498 neat,
274 3435 382 3506 quam
411 3417 584 3489 rationem
621 3423 812 3507 sequatur,
847 3434 918 3505 qua
948 3414 1106 3505 deniqne
1124 3423 1200 3488 arte

40 3525 44 3534 ’
134 3543 256 3613 omnia
278 3541 459 3613 moliatur.
482 3541 678 3615 Considera
703 3566 718 3604 a
739 3539 827 3630 quid
853 3547 977 3610 auctor
1006 3539 1043 3609 in
1071 3539 1200 3611 oratio-

133 3665 189 3737 nis
220 3665 369 3737 exordio
387 3667 471 3737 velit
491 3665 647 3749 ellicere,
672 3665 760 3757 quid
780 3664 937 3736 secunda
966 3671 1079 3755 parte,
1110 3664 1199 3754 quid

133 3792 237 3861 tertia
271 3797 305 3861 et
333 3790 385 3861 sic
412 3788 605 3880 deinceps;
628 3809 721 3880 qnae
740 3792 856 3881 primo
877 3789 970 3862 dicat
991 3790 1085 3874 loco,
1108 3809 1200 3881 quae

134 3913 214 3985 aliis
248 3914 507 4005 sequentibus;
544 3914 677 4004 quihus
698 3915 909 3994 sententiis,
937 3914 1071 4004 quibus
1097 3933 1199 4006 argu·

133 4039 265 4110 mentis
308 4044 439 4117 utatur,
484 4037 665 4128 quomodo
705 4038 879 4129 colligatis
912 4045 947 4110 et
978 4038 1197 4110 connexis...

63 4339 65 4346 '
133 4343 250 4394 formula
264 4345 346 4393 nobis
361 4344 497 4407 oinciunt
512 4344 637 4406 dicendi;
698 4346 842 4408 pueriliter
863 4359 960 4409 sapere
976 4362 1007 4396 nc
1027 4347 1102 4410 loqui
1118 4347 1199 4409 juro-

133 4445 193 4482 nem
211 4448 292 4482 suum
311 4433 421 4485 docent.
438 4450 450 4480 u
465 4435 511 4497 (De
528 4437 640 4496 causis,
656 4436 709 4490 lib„
721 4436 758 4483 lv
768 4472 776 4496 ,
792 4450 818 4497 p.
837 4435 899 4498 tot.)
