3284 5480
899 579 1059 642 ..50-

443 719 481 791 in
512 717 671 792 secunda
696 737 762 790 sua
798 717 842 790 de
875 715 1026 788 Ratione
1051 713 1160 786 dedii
1181 712 1333 808 puerilis
1357 712 1510 806 epistola

445 843 547 916 illum
572 841 811 916 commendat.
842 843 993 934 insuper
1023 840 1211 914 historiam
1236 837 1367 912 oratori
1396 837 1512 928 legen·

444 967 526 1040 dam
547 986 626 1040 esse
653 965 754 1040 docet
783 963 858 1060 (l);
887 973 922 1040 et
941 965 1040 1038 illius
1066 963 1210 1038 demum
1235 963 1391 1036 declarat
1419 989 1435 1026 ι
1460 963 1511 1033 in·

444 1091 650 1165 credibilem
671 1109 750 1164 esse
773 1091 819 1163 ad
843 1098 938 1164 artes
960 1107 1087 1162 omnes
1106 1088 1297 1162 utilitatem
1321 1084 1386 1182 (2).
1416 1113 1432 1151 ›
1459 1089 1509 1159 lix

444 1237 516 1309 quo
541 1217 671 1289 inferre
698 1216 779 1288 licet
803 1215 881 1288 Viri
906 1215 1093 1288 historiam
1122 1221 1317 1288 ceterarum
1346 1213 1508 1286 omnium

443 1342 716 1434 disciplinarum
736 1341 954 1433 provinciam
978 1341 1106 1424 rideri,
1128 1339 1262 1432 quibus
1282 1337 1446 1431 praehet,
1472 1344 1512 1409 nt

444 1468 492 1542 ita
507 1467 637 1550 dicam,
656 1485 778 1558 agrum
797 1466 947 1540 ieracem
966 1485 1009 1540 ex
1025 1484 1097 1557 qno
1113 1465 1372 1538 Grammaticus
1391 1481 1510 1536 erem·

443 1595 606 1686 plorum,
643 1593 769 1666 Orator
804 1598 1097 1684 argumentorum
1141 1598 1177 1664 et
1214 1596 1509 1664 ornamentorum

441 1720 597 1810 amplam
633 1725 794 1809 segetem¹
820 1716 985 1809 colligere
1014 1716 1172 1808 possint,
1208 1722 1243 1788 et
1273 1713 1370 1788 unde
1397 1731 1510 1805 puero

438 1839 639 1933 jucundum
668 1842 802 1926 otium,
836 1842 987 1914 honesta
1020 1841 1205 1932 voluptas,
1241 1847 1334 1914 recte
1367 1856 1508 1911 morum

443 1965 622 2038 institutio
649 1973 877 2040 enascantur.
910 1967 948 2038 Si
975 1983 1057 2058 ergo
1079 1965 1261 2057 historia,
1293 1983 1385 2056 quae
1419 1991 1436 2027 ι
1463 1963 1511 2035 ad

443 2091 565 2163 omnia
581 2091 679 2164 utilis
694 2098 766 2174 est,
786 2118 801 2155 »
817 2091 1011 2182 juvenibus
1026 2089 1275 2183 investiganda
1291 2096 1506 2170 reservatur,

442 2217 564 2308 pueris
581 2219 698 2288 tainen
718 2216 868 2308 legenda
887 2215 1117 2308 permittitur.

492 2340 560 2413 Sed
600 2360 673 2413 rion
707 2349 846 2413 tantum
880 2341 917 2413 in
952 2359 1070 2414 rerum
1107 2339 1359 2414 discendarum
1390 2338 1510 2411 indice

364 2501 371 2514 ·
443 2466 620 2550 notando,
655 2475 829 2557 quantum
865 2467 903 2537 in
938 2467 1077 2540 ratione
1103 2484 1164 2539 eas
1190 2484 1316 2539 omnes
1341 2464 1509 2538 tradendi

443 2591 698 2673 describenda,
721 2591 855 2664 eminet
878 2591 995 2665 Vives.
1019 2594 1062 2664 Et
1087 2591 1243 2684 primum
1271 2591 1356 2664 vitia
1385 2607 1506 2682 repre·

442 2716 605 2789 hendens
626 2733 718 2806 quae
738 2716 836 2787 illam
857 2717 1031 2789 rationem
1051 2723 1300 2808 corruperant,
1317 2716 1508 2808 magistros

443 2839 551 2930 huius
570 2841 696 2912 aetatis
716 2839 912 2913 insectatur
930 2839 1025 2930 quod
1048 2858 1092 2912 er
1117 2847 1275 2912 veterum
1298 2839 1509 2912 auctoritate

442 2964 661 3047 doctrinam,
684 2982 726 3036 er
747 2964 936 3037 dialectica
959 2965 1108 3037 termam
1130 2964 1281 3038 docendi
1307 2969 1504 3037 sumerent.

490 3090 603 3161 Tanta
642 3089 851 3161 auctoritate
890 3089 985 3181 apud
1026 3089 1260 3182 philosophos
1298 3088 1507 3162 Aristoteles

442 3213 617 3307 pollebat,
640 3220 739 3286 tanta
758 3213 871 3304 gratia
889 3213 987 3305 apud
1006 3214 1179 3287 litteratos
1207 3214 1373 3287 homines
1397 3215 1504 3286 llore-

442 3340 504 3412 nat
523 3340 657 3422 Cicero,
680 3347 720 3412 ul
739 3339 791 3411 illi
814 3358 878 3430 pro
898 3338 1096 3412 certissimo
1117 3340 1292 3414 haberent
1311 3357 1503 3432 quaecum·

442 3483 513 3555 que
533 3465 742 3538 Aristoteles
760 3464 887 3537 otiatus
908 3472 1015 3547 esset,
1038 3472 1072 3536 el
1095 3463 1155 3536 isti
1181 3464 1281 3536 nulla
1299 3463 1408 3537 rerba
1426 3464 1507 3536 nul·

442 3589 586 3679 lamque
609 3589 797 3662 verborum
826 3589 1109 3681 complexionem
1139 3589 1209 3662 sibi
1239 3588 1502 3681 permitterent,

442 3712 512 3785 nisi
532 3732 553 3783 a
572 3715 741 3787 Cicerone
760 3722 915 3806 sumpta.
938 3716 1016 3786 Non
1037 3714 1184 3788 deerant
1203 3715 1310 3787 etiam
1331 3714 1393 3807 qui
1414 3721 1506 3787 rete·

442 3857 499 3910 res
520 3846 558 3911 ul
577 3839 742 3912 homines
766 3840 963 3931 superioris
982 3846 1132 3913 naturae
1159 3840 1316 3914 colerent
1341 3858 1407 3913 nec
1425 3839 1507 3912 illo-

442 3965 814 4039 rum¹sublimitatem
839 3965 904 4037 ulli
931 3973 1155 4058 posterorum
1181 3969 1326 4059 assequi
1349 3967 1403 4040 ies
1427 3984 1506 4040 esse

472 4274 506 4336 ll)
521 4280 558 4325 Dc
572 4277 690 4326 Ratione
706 4276 831 4326 dicendi.

472 4364 505 4427 (i)
521 4370 558 4414 Dc
574 4367 742 4428 Tredcndr's,
754 4380 780 4428 p.
796 4365 851 4416 388.
