3284 5480
910 576 1070 640 ..26-

458 711 581 804 aliquo
600 713 759 804 pondere
778 721 812 786 et
832 713 972 787 vinculo
991 714 1029 786 in
1048 721 1141 786 recta
1160 714 1216 787 ria
1236 714 1438 788 detineatur
1456 735 1514 788 ne·

459 856 558 912 cesse
577 845 654 921 est;
678 839 714 911 in
735 840 839 931 nugis
860 841 990 913 versari
1012 841 1129 912 solet:
1150 839 1195 912 ad
1219 840 1468 932 intelligendas
1487 849 1518 913 et

458 962 632 1036 amandas
652 983 708 1036 res
731 984 853 1056 graves
876 983 916 1037 ac
935 965 1046 1037 serias
1072 966 1280 1038 instituatur
1300 973 1335 1038 et
1353 967 1515 1058 erigatur.

506 1087 563 1160 Nil
582 1093 675 1160 corte
693 1089 832 1161 mulieri
854 1088 1027 1180 pudicitia
1046 1089 1290 1173 excellentius,
1315 1089 1366 1160 nil
1387 1089 1519 1181 optabi·

460 1211 548 1297 lius3
571 1210 689 1283 omnis
709 1230 793 1284 cura
817 1231 858 1284 eo
884 1212 1029 1284 tendere
1057 1212 1163 1285 debet
1187 1220 1226 1285 ut
1248 1215 1386 1305 integra
1409 1231 1519 1286 serve·

460 1343 530 1408 tur.
559 1334 594 1407 Si
622 1353 703 1427 ergo
729 1337 931 1426 ignorantia
959 1336 1167 1428 pudicitiam
1196 1355 1316 1412 revera
1342 1344 1518 1418 tueretur,

460 1459 581 1531 doctas
616 1461 784 1533 mulieres
819 1461 894 1534 lieri
929 1479 1157 1552 nequaquam
1190 1461 1262 1552 pati
1298 1461 1519 1534 deberemus.

460 1583 530 1657 Sed
550 1585 752 1676 ignorantia
771 1585 953 1658 doctrinae
968 1605 1041 1658 non
1058 1593 1111 1658 est
1127 1587 1328 1678 ignorantia
1345 1587 1519 1658 malitiae:

466 1736 481 1773 ι
502 1709 763 1782 indoctissimis
783 1711 889 1782 etiam
915 1711 1126 1783 mulieribus
1152 1719 1276 1784 notum
1297 1719 1351 1785 est
1368 1714 1522 1792 malum,

462 1851 543 1906 nam
564 1835 704 1908 etiamsi
722 1836 876 1907 occultes
895 1854 967 1907 non
983 1843 1101 1926 potest
1115 1837 1235 1920 celari,
1256 1837 1418 1928 undique
1435 1837 1525 1909 exis·

461 1957 503 2030 tit
522 1966 557 2031 et
576 1978 614 2032 se
636 1959 813 2050 profert...
836 1961 972 2032 Bonum
989 1979 1084 2042 vero,
1105 1961 1135 2032 si
1153 1980 1224 2033 non
1243 1961 1375 2042 tradas,
1398 1960 1523 2034 nesciri

461 2091 577 2175 potest
610 2081 674 2178 (l).
708 2113 723 2149 ι
761 2084 844 2156 ldeo
876 2093 948 2158 tam
983 2086 1095 2157 multa
1125 2087 1162 2157 in
1194 2087 1246 2160 eis
1277 2085 1527 2160 desiderantur

494 2362 527 2427 (l)
542 2368 580 2412 lie
593 2366 777 2413 institutione
797 2367 932 2426 (eminae,
949 2365 994 2423 78,
1011 2370 1038 2414 et
1055 2365 1166 2428 passim.
1184 2365 1307 2414 Placebit
1322 2367 1416 2414 forsan
1432 2370 1526 2415 nostro

462 2453 559 2502 lectori
575 2453 642 2502 baec
659 2453 738 2503 Vivis
753 2454 845 2516 legere
866 2457 950 2502 verba
972 2455 1001 2502 in
1015 2455 1116 2518 quibus
1137 2468 1215 2502 suam
1230 2455 1393 2517 eloquenter
1408 2455 1527 2518 explicat

465 2542 645 2604 sententiam,
668 2542 811 2591 adversam
833 2556 899 2592 vero
923 2543 1021 2592 irridet
1038 2557 1044 2592 τ
1061 2559 1073 2589 u
1089 2543 1121 2592 ln
1138 2543 1232 2606 puella
1255 2543 1426 2592 instituenda
1447 2544 1527 2606 longa

463 2632 525 2695 plus
554 2631 636 2682 video
663 2632 849 2681 adhibendum
875 2645 975 2696 operae
1001 2647 1083 2696 quam
1109 2633 1209 2696 vulgus
1234 2633 1377 2682 hominum
1406 2632 1526 2683 eredat...

465 2719 554 2770 Stulte
568 2719 626 2768 dixi
639 2721 731 2769 lacere
745 2721 807 2769 illos
824 2725 915 2784 patres
931 2721 978 2784 qui
989 2722 1092 2771 liberos
1105 2736 1171 2770 suos
1184 2723 1288 2770 bonum
1302 2725 1329 2770 et
1344 2722 1444 2770 malum
1460 2722 1528 2771 sciro

463 2809 580 2868 volunt;
596 2821 653 2857 non
669 2809 760 2858 minus
774 2813 800 2858 et
819 2810 859 2858 illi
874 2815 1003 2874 peccant,
1019 2811 1066 2874 qui
1081 2825 1129 2860 eos
1149 2825 1201 2860 nec
1215 2812 1319 2860 bonum
1333 2811 1404 2860 scire
1419 2811 1528 2874 patiun-

463 2902 522 2956 tur,
538 2911 590 2947 nec
605 2900 715 2949 malurn.
732 2898 844 2948 Utinam
863 2899 935 2948 inter
955 2905 995 2948 tot
1017 2901 1103 2948 malos
1119 2901 1272 2962 transigere
1287 2899 1371 2949 vitam
1386 2911 1529 2962 possemus

464 2987 585 3036 malitiae
605 2987 713 3050 ignari!
736 2987 791 3036 Sed
812 2990 915 3036 bonum
935 2989 958 3037 si
985 3003 1041 3037 non
1068 2988 1159 3037 tradas
1182 2988 1283 3043 nesciri
1304 2990 1409 3051 potest,
1431 2987 1529 3036 malurn

464 3075 572 3125 etiamsi
590 3077 726 3134 occultae,
747 3090 803 3124 nou
823 3081 915 3140 potest
934 3079 1031 3140 colari,
1054 3078 1178 3140 undique
1202 3078 1298 3126 existit
1317 3081 1344 3125 et
1367 3089 1397 3124 so
1413 3075 1529 3138 profert,

464 3177 516 3212 nce
536 3177 565 3212 se
586 3163 615 3212 in
635 3167 755 3213 obscuro
776 3167 911 3215 contineri
933 3167 1045 3228 patitur.
1068 3167 1140 3216 Sunt
1163 3167 1255 3215 multis
1271 3169 1417 3228 suspectae
1435 3163 1531 3213 doctae
1613 3205 1614 3230 ,

465 3253 597 3312 feminae,
624 3268 675 3302 ceu
703 3255 823 3303 malitiae
848 3256 973 3304 naturale
997 3255 1109 3304 accedet
1132 3255 1320 3317 adjumentum
1341 3257 1448 3302 astutae
1469 3266 1531 3300 eru·
1613 3241 1614 3308 i

466 3343 594 3402 ditionis,
621 3344 698 3406 quasi
722 3358 789 3394 vero
816 3359 872 3393 non
897 3348 924 3394 et
944 3345 996 3394 viri
1017 3345 1112 3393 cadom
1139 3343 1298 3393 conditione
1322 3341 1444 3404 suspecti
1472 3355 1532 3391 osse
1613 3355 1614 3366 ¹

466 3433 598 3492 debeant,
622 3433 646 3481 si
671 3437 763 3482 astuta
788 3433 909 3482 eruditio
931 3447 1017 3495 pravo
1036 3433 1150 3496 ingenio
1174 3431 1300 3482 addatur.
1327 3429 1382 3480 Sed
1407 3429 1534 3479 doctrina
1613 3491 1614 3496 ¹

466 3535 548 3584 quam
562 3535 613 3584 ego
625 3523 675 3570 toti
692 3523 812 3571 humano
823 3523 918 3585 generi
929 3523 1011 3571 velim
1025 3521 1143 3584 proponi
1159 3521 1252 3569 sobria
1266 3523 1309 3570 cst
1323 3523 1350 3568 et
1365 3524 1449 3576 easta,
1463 3531 1533 3582 quae
1613 3521 1614 3574 ξ

396 3600 399 3606 ’
466 3610 594 3659 instituat
611 3614 637 3660 et
651 3612 779 3660 meliores
795 3612 906 3670 reddat,
920 3625 976 3660 non
992 3625 1062 3674 quae
1078 3611 1112 3658 ad
1128 3624 1225 3673 pravas
1241 3609 1324 3658 animi
1343 3609 1474 3657 libidines
1490 3609 1534 3657 vel
1613 3603 1614 3670 ξ

467 3703 553 3748 armet
567 3701 610 3748 vel
630 3700 756 3764 instiget,
773 3701 928 3763 eujusmodi
949 3705 1026 3760 sunt,
1042 3703 1073 3748 ut
1092 3700 1190 3762 loquar
1205 3699 1239 3748 de
1254 3699 1370 3760 lemine,
1387 3701 1534 3762 praecepta
1613 3693 1614 3738 ἶ

466 3789 540 3838 vitae
563 3793 590 3838 et
609 3793 734 3854 exempla
757 3792 917 3854 probitatis,
938 3805 1056 3853 quorum
1081 3791 1103 3838 si
1129 3790 1228 3852 peritia
1252 3789 1385 3837 damnosa
1405 3792 1460 3848 est,
1477 3800 1533 3836 non

467 3877 549 3927 video
563 3879 702 3940 quomodo
718 3881 811 3928 lutura
826 3880 862 3928 sit
876 3880 1033 3942 ignorantia
1047 3879 1133 3928 utilis.

498 3982 510 4013 u
527 3967 600 4026 Quid
612 3969 696 4031 ergo?
708 3969 758 4018 Vis
771 3973 802 4018 tu
816 3971 898 4018 filiam
911 3974 986 4017 tuam
999 3970 1100 4017 malum
1111 3969 1210 4024 callere
1226 3971 1252 4016 et
1267 3970 1370 4016 bonum
1385 3963 1535 4028 ignorare?

468 4056 545 4115 Quae
566 4057 651 4119 igitur
670 4057 704 4105 ad
729 4059 819 4106 scelus
844 4057 982 4106 adducent
1002 4056 1120 4115 tenebit,
1142 4070 1211 4118 quae
1232 4070 1248 4104 a
1270 4055 1374 4105 scelere
1397 4053 1535 4103 abducent

469 4145 631 4208 ignorabit?
647 4145 712 4194 Tam
732 4146 827 4208 inique
848 4145 881 4194 de
904 4145 1021 4194 scientia
1041 4147 1177 4193 bonorum
1196 4144 1309 4203 statuis,
1328 4148 1359 4192 ut
1378 4143 1534 4191 nocituram

468 4248 527 4283 earn
548 4235 696 4294 arbitrere,
712 4249 774 4283 cum
793 4248 850 4302 nep
869 4237 968 4283 noceat
986 4232 1102 4282 scientia
1125 4231 1333 4295 pessimorum?
1352 4230 1423 4281 Cum
1438 4243 1537 4292 orgoa

467 4324 536 4373 vitio
550 4323 699 4374 invadetur
712 4323 756 4372 cui
770 4323 903 4383 assuevit,
917 4322 990 4386 quod
1005 4322 1058 4371 erit
1070 4321 1239 4384 praesidium
1249 4324 1284 4372 ab
1294 4322 1439 4370 honestate
1451 4330 1535 4382 quam
