3284 5480
532 1494 791 1567 CONCLUSIO.

170 1969 275 2038 Nune
293 1952 463 2037 omnibus
484 1965 662 2036 videbitur
680 1991 696 2028 ‹
713 1965 952 2055 principatum
966 1965 1120 2056 judieii»
1142 1965 1199 2060 (1).

107 2092 198 2180 jure
223 2089 426 2162 obtinuisse
447 2088 644 2160 Ludovieus
663 2089 767 2161 Vives
788 2088 882 2160 inter
901 2107 1026 2160 omnes
1050 2109 1186 2181 aequa·

110 2215 172 2288 les
201 2215 336 2306 quibus
363 2232 467 2285 aurae
494 2213 561 2285 fuit
586 2230 777 2303 puerorum
809 2213 1002 2286 institutio.
1033 2213 1087 2285 Ad
1113 2215 1185 2286 tin-

112 2359 208 2432 guas
241 2339 330 2422 alii,
370 2340 425 2411 uel
459 2337 505 2408 ad
538 2336 831 2428 philosophiam,
872 2338 925 2410 vel
960 2338 1006 2410 ad
1039 2346 1188 2412 naturae

110 2463 359 2554 cognitionem
388 2463 501 2552 magis
522 2461 723 2542 contuiere;
754 2461 839 2533 Vive
862 2469 980 2534 autein
1002 2482 1108 2536 nemo
1126 2472 1183 2536 tu·

33 2577 35 2580 ’
111 2590 246 2661 tionem
266 2606 458 2678 puerorum
480 2586 604 2658 ducem
625 2603 704 2656 sese
724 2586 907 2676 praebuit,
930 2606 996 2659 neo
1013 2591 1184 2662 Erasmus

111 2713 216 2805 ipse,
240 2731 305 2784 neu
324 2712 506 2792 Budaeus,
529 2711 765 2792 noetianos,
788 2729 854 2783 neo
873 2711 1096 2795 Rebelasius
1120 2734 1186 2787 neo

91 2836 341 2909 ,Montanius

168 2959 308 3033 Erasini
335 2986 349 3023 ‹
371 2959 624 3049 discipulum»
650 2977 691 3029 ae
716 2985 731 3020 o
754 2958 905 3031 tilium»
932 2980 1012 3033 sese
1032 2963 1184 3036 libenter

113 3105 159 3157 ao
182 3103 290 3176 saepo
314 3083 500 3174 profitetur
519 3083 640 3164 Vives,
664 3101 729 3154 nee
743 3092 849 3175 negat
870 3087 983 3157 muita
997 3088 1042 3157 ab
1062 3087 1124 3159 iilo
1145 3108 1184 3161 se

113 3210 319 3300 aoeepisse;
337 3207 426 3296 quin
444 3207 553 3277 imino
571 3205 758 3277 uioaseun
771 3208 931 3297 ejusdem
946 3211 1182 3285 imitationem

114 3335 295 3406 aiieetane.
323 3332 453 3403 lisdem
482 3333 577 3402 enini
606 3331 677 3403 iere
697 3333 811 3404 titulis
838 3354 878 3406 ae
904 3338 1073 3408 Erasmus
1097 3358 1183 3410 suos

115 3459 161 3530 de
199 3457 319 3548 pneris
359 3455 593 3528 instituendis
633 3456 743 3527 libros
785 3458 962 3531 inscribit.
1010 3464 1184 3534 Erasmia·

115 3584 175 3654 nis
203 3583 307 3653 tibris
337 3607 345 3651 ε
376 3580 432 3650 De
456 3579 596 3649 notione
619 3579 726 3648 studii
744 3582 906 3674 epistolae
928 3585 1034 3670 decue,
1059 3555 1106 3638 ὲ
1129 3589 1184 3660 De

114 3705 373 3777 conseribendis
399 3703 581 3798 Epistola,
609 3745 657 3756 ——
682 3703 876 3799 Cothonea,
907 3751 952 3761 -
986 3711 1041 3782 De
1068 3714 1184 3805 poetas

112 3829 257 3912 stetim,
278 3850 321 3898 ae
340 3828 531 3900 liberaliter
555 3829 786 3912 instituendis
812 3873 855 3884 —
879 3831 1084 3907 Olua'stioai
1103 3862 1181 3908 otta·

114 3952 274 4024 trimooio'
289 3951 470 4036 institutae,
493 3993 536 4004 -
559 3954 951 4044 respondentViviani:
973 3958 1028 4030 De
1043 3961 1184 4032 ratione

147 4277 180 4342 (i)
195 4276 355 4340 MaiensiuS,
373 4279 436 4325 Vita
453 4280 513 4326 Vio.
