3312 5382
929 549 1088 610 -og„

472 685 644 760 brevium
663 687 799 768 didere
822 687 997 778 quaedam
1020 697 1137 762 tamen
1160 691 1410 781 praetermittit
1436 692 1543 764 Vires

471 808 668 901 dequibus
689 813 857 884 Erasmus
877 811 993 884 lusius
1013 812 1205 894 disseruit,
1228 814 1410 907 Epistola<
1431 815 1541 886 Amo-

470 933 580 1004 tort'cs
600 935 698 1009 verbi
716 937 848 1028 gralia,
870 945 906 1010 el
925 957 1055 1008 eurum
1073 937 1204 1031 duplam
1221 961 1348 1031 pertus.
1365 980 1415 992 -
1439 941 1540 1014 cote

469 1079 549 1132 rum
570 1061 622 1134 sic
644 1061 828 1134 materiam
850 1081 952 1134 suam
975 1065 1129 1154 partitur
1155 1091 1164 1135 ι
1195 1069 1229 1136 l⁰
1248 1063 1304 1136 De
1328 1063 1540 1135 Inventione

466 1182 727 1276 Epr'ctolorcm‚
750 1188 787 1258 in
808 1205 879 1277 qua
899 1195 1069 1261 notantur
1088 1211 1145 1258 res
1163 1206 1227 1280 per
1249 1190 1429 1281 Epistulas
1451 1197 1538 1263 trac

467 1317 559 1383 tatae
580 1335 589 1380 :
611 1317 696 1382 sunt
716 1311 816 1384 enim
837 1313 890 1384 uel
910 1319 1063 1396 nostrae,
1086 1315 1140 1386 uel
1159 1313 1319 1399 ulten'os,
1343 1316 1396 1388 vel
1415 1314 1537 1384 kones-

464 1439 540 1516 tac,
570 1437 622 1508 vel
646 1435 801 1520 mediae,
824 1439 877 1510 rel
895 1443 1016 1532 turpes
1041 1459 1168 1531 «quas
1190 1459 1254 1514 uec
1273 1440 1373 1513 decet
1391 1441 1531 1513 bonum

465 1561 578 1633 virum
600 1569 719 1652 petere
739 1581 804 1634 uec
823 1563 952 1654 petitas
964 1563 1181 1646 concedere;
1203 1593 1217 1628 »
1240 1567 1277 1635 2⁰
1297 1563 1353 1634 De
1374 1564 1533 1658 Disposi-

462 1685 554 1754 tz'ooo
572 1691 603 1754 et
625 1683 797 1756 Portibus
815 1689 1070 1779 Epistularum,
1085 1689 1204 1762 sende
1223 1689 1470 1782 suscriptione,
1488 1689 1532 1760 o·-

462 1808 546 1892 tulo‚
561 1807 766 1902 epitlretr'set
781 1810 825 1883 de
834 1811 1004 1882 ordinem
1014 1813 1059 1884 iis
1075 1813 1289 1900 scribendis,
1301 1815 1363 1904 qui
1379 1841 1393 1878 ‹
1407 1834 1531 1908 quam-

462 1935 513 2006 vis
550 1953 620 2006 uon
655 1935 701 2007 sit
729 1943 865 2018 certus,
902 1937 1028 2008 molles
1069 1937 1244 2027 quosdam
1282 1939 1455 2011 transitus
1488 1957 1530 2010 ac

460 2059 598 2151 lepidos
617 2089 632 2124 ›
654 2063 810 2152 potitum
837 2064 874 2132 5⁰
894 2059 950 2132 De
971 2061 1145 2144 litatione,
1165 2083 1258 2155 quae
1275 2093 1292 2128 n
1314 2063 1405 2136 illud
1421 2064 1528 2137 debet

458 2186 686 2274 potissimum
703 2185 842 2260 efficere
862 2197 900 2260 ut
922 2206 1029 2277 qnam
1051 2191 1212 2279 proxime
1235 2189 1365 2278 pulerit
1388 2207 1525 2261 sermo-

457 2328 538 2382 nem
565 2311 776 2384 familiarem
794 2313 994 2403 exprimat,
1018 2313 1236 2403 prudentum
1256 2313 1336 2386 dico
1355 2320 1391 2385 et
1409 2313 1524 2386 crudi·

457 2443 572 2507 lorum
593 2454 848 2512 sermonem.»
876 2437 1017 2510 Additis
1035 2439 1198 2528 pauculis
1222 2438 1267 2511 dc
1299 2466 1315 2503 ‹
1341 2438 1520 2510 salutandi

455 2560 617 2633 iormulis
632 2569 667 2634 et
683 2562 919 2642 resalutandi,
939 2589 953 2624 »
976 2562 1044 2635 hoc
1055 2569 1281 2653 praeceptum
1299 2563 1436 2645 statuit,
1450 2567 1520 2653 quc

451 2693 567 2757 cetera
583 2684 732 2758 feliciter
748 2693 783 2758 et
803 2705 911 2778 quam
933 2686 1202 2777 sapientissime
1223 2686 1487 2759 concluduntur
1507 2710 1515 2756 :

456 2835 472 2872 ‹
491 2810 559 2882 Ars
577 2829 658 2883 cum
679 2811 786 2883 celari
806 2811 942 2902 ubique
958 2829 1022 2902 par
1039 2811 1099 2894 sit,
1117 2818 1192 2882 tum
1204 2812 1242 2883 iu
1251 2812 1414 2903 epistolis
1429 2811 1517 2882 adeo

449 2933 556 3006 dehet
570 2952 650 3034 esse
666 2935 784 3008 tenuis
801 2955 842 3007 ac
860 2954 971 3026 prope
987 2935 1141 3007 nullent
1158 2955 1180 3006 a
1197 2937 1338 3027 magnis
1353 2937 1444 3027 ipsis
1463 2955 1515 3007 ar·

449 3057 607 3131 tilicibus
627 3058 684 3130 vix
704 3067 812 3151 queat
827 3058 1062 3150 deprehendi.
1086 3086 1101 3124 ι

497 3185 548 3257 De
567 3183 717 3275 legendo
737 3185 881 3276 saepius
899 3192 934 3257 et
951 3185 1067 3256 lusius
1082 3184 1254 3284 disseruit
1273 3192 1408 3258 noster.
1429 3186 1513 3257 Toto

447 3309 544 3381 enim
566 3309 781 3400 perlustrato
802 3309 1010 3380 Graecitatis
1030 3316 1137 3400 atque
1160 3309 1362 3382 Latinitatis
1383 3327 1512 3395 cursu,

444 3435 637 3526 scriptores
664 3435 824 3525 insigues
845 3433 981 3506 notavit
1000 3453 1041 3505 ac
1068 3434 1280 3525 designavit.
1303 3435 1413 3525 Cuius
1441 3441 1509 3506 tam

446 3559 542 3650 longi
569 3560 708 3632 itineris
728 3567 844 3632 tulum
866 3559 991 3631 ducem
1018 3577 1056 3630 se
1075 3559 1320 3650 praebuisset,
1343 3559 1382 3630 ni
1402 3561 1510 3630 Luca·

442 3702 530 3755 num
547 3685 700 3775 Vergilio
720 3684 987 3774 anteposuisset
1003 3680 1071 3777 (l).
1090 3683 1159 3754 Sed
1177 3683 1323 3773 quidde
1338 3689 1391 3754 tut
1408 3683 1510 3753 Grae·

472 3897 506 3960 (ll
522 3913 534 3944 n
552 3897 654 3947 Omnes
670 3899 819 3948 verborum
834 3899 976 3960 majestate
992 3901 1020 3946 et
1038 3901 1265 3959 argumentorum
1279 3895 1386 3945 viribus
1403 3898 1430 3943 et
1446 3909 1507 3944 sen-

441 3986 590 4034 tentiarum
605 3986 728 4048 pondero
745 4000 776 4034 ac
791 3999 907 4034 numero
922 3986 1009 4036 vincit
1019 3999 1080 4034 meo
1092 3986 1198 4047 judicio
1210 3985 1349 4034 Lucanus,
1367 4001 1379 4030 u
1395 3983 1441 4046 (De
1456 3988 1507 4031 lta-

441 4077 516 4123 tione
537 4078 659 4135 puerilis
679 4076 795 4138 studii.)
817 4074 953 4137 Superius
971 4088 1037 4123 vcro
1058 4075 1187 4123 dixerat:
1211 4091 1222 4121 n
1242 4074 1382 4136 Vergilius
1404 4074 1507 4136 primus

438 4164 551 4225 ponitur
567 4166 665 4212 merito
679 4178 739 4212 moa
754 4165 891 4213 sententia
907 4168 1020 4226 propter
1035 4165 1198 4226 gravitatem
1211 4168 1238 4213 et
1249 4163 1423 4212 sententias»
1438 4161 1504 4225 (lm).

439 4251 493 4301 Sed
510 4253 625 4301 dubium
643 4257 685 4302 est
700 4257 793 4302 utrum
810 4254 939 4303 hocloco
955 4254 1040 4303 Vives
1054 4254 1265 4317 significaverit,
1282 4253 1435 4316 Vergilium
1448 4251 1505 4315 pri-

436 4357 510 4390 mum
526 4357 587 4392 esso
604 4357 637 4392 ox
653 4345 781 4392 omnibus
798 4345 901 4406 poeliS,
918 4345 1085 4407 apprimum
1101 4345 1194 4406 pueris
1209 4343 1356 4406 legendum
1371 4357 1441 4393 esse.
