3284 5480
952 589 1111 652 ,6⁸-

498 725 736 800 conterendus
770 725 937 810 videtur;
967 727 1095 800 horum
1130 745 1210 802 sese
1239 726 1455 818 discipulum
1487 701 1553 819 ipse

498 851 658 942 praehet.

549 979 598 1048 lle
625 975 795 1049 llehraiee
818 995 900 1049 vero
929 977 1049 1068 lingue
1069 975 1263 1060 tradenda,
1286 976 1338 1047 nil
1355 975 1476 1066 iubet,
1498 975 1553 1048 sed

504 1128 520 1164 ‹
549 1101 599 1172 nil
627 1101 776 1191 impedit
805 1097 908 1194 (1).»
937 1102 1037 1172 lllam
1066 1101 1199 1182 diseat,
1222 1101 1289 1181 alt,
1311 1101 1367 1172 oui
1397 1102 1483 1173 setis
1506 1108 1552 1172 est

498 1227 669 1317 temporis
703 1232 738 1298 et
772 1225 834 1316 qui
867 1251 882 1290 ‹
917 1243 956 1298 se
988 1225 1193 1316 incorrupte
1225 1243 1302 1298 eam
1336 1231 1549 1316 accepturum

497 1349 648 1423 contidit
664 1349 734 1440 (l).
758 1377 772 1414 ι

830 1607 1015 1670 harmuuus
1036 1605 1191 1668 'Pharroa

913 1839 951 1900 lle
973 1837 1145 1902 dialectico.
1186 1847 1195 1868 ·

496 2068 569 2129 Quid
586 2069 615 2117 in
629 2083 662 2118 ea
676 2067 861 2130 reprehendat
874 2068 958 2118 Vives
973 2074 1000 2119 et
1013 2071 1070 2133 jam'
1079 2067 1308 2133 reprehenderint
1323 2069 1449 2133 aequales
1460 2073 1486 2118 et
1498 2082 1545 2116 ma·

524 2158 622 2222 jeros?
639 2157 741 2217 Quanti
758 2159 827 2206 hauc
848 2161 934 2207 artem
948 2163 975 2208 et
996 2161 1055 2222 ejus
1071 2160 1232 2222 magistrum
1247 2158 1425 2208 Aristotelem
1441 2155 1546 2207 ieceritl

526 2249 598 2298 Num
613 2248 673 2311 ipse
686 2261 786 2298 novam
799 2248 945 2298 tradiderit
958 2247 1160 2298 Dialecticam'l

551 2503 566 2539 ‹
601 2474 727 2547 Studio
755 2476 933 2547 sermonis
960 2475 1114 2548 finitima
1147 2482 1201 2549 est
1223 2475 1433 2555 Dialectioa,
1464 2503 1477 2539 ›
1503 2477 1544 2547 eit

371 2687 377 2700 Ι
494 2601 612 2687 Vives,
633 2600 829 2690 maioribus
847 2601 1049 2673 assentiens
1062 2601 1122 2691 qui
1141 2602 1237 2673 hune
1251 2601 1483 2693 probaverant
1500 2618 1543 2671 or·

494 2725 615 2798 dinem
631 2732 667 2797 et
686 2742 765 2796 cum
786 2726 839 2796 eis
858 2726 1070 2798 existimans
1085 2726 1186 2817 prius
1204 2744 1285 2800 esse
1300 2735 1393 2800 reete
1407 2727 1541 2819 rogitare

494 2869 601 2941 quam
626 2851 774 2941 pulchre
793 2857 828 2923 et
847 2858 971 2922 ornate
991 2849 1121 2932 dicere,
1144 2860 1178 2924 et
1197 2851 1277 2924 ideo
1297 2853 1398 2942 prius
1421 2853 1539 2923 Dialec-

492 2975 596 3046 ticam
616 2974 737 3065 pueris
754 2994 861 3066 quam
875 2975 1097 3048 Rhetoricam
1117 2975 1327 3049 tradendam
1345 2996 1456 3050 essse.

542 3099 899 3172 Pseudodialeetieos
932 3107 1031 3172 unte
1063 3101 1136 3185 ira,
1165 3109 1236 3174 tem
1264 3103 1390 3174 multis
1417 3110 1450 3175 et
1479 3108 1538 3172 tam

491 3243 597 3316 saepe
629 3225 766 3296 iteratis
802 3225 991 3306 conviciis,
1021 3225 1215 3298 insectatus
1252 3234 1306 3298 est
1330 3227 1434 3300 Vives
1460 3233 1539 3297 ute
1603 3289 1604 3292 a

491 3349 744 3440 qualicumque
769 3349 958 3422 Dialectica
985 3349 1218 3423 abhorruisse
1244 3351 1431 3423 nonnullis
1456 3350 1538 3421 risus

490 3474 596 3548 luerit
625 3474 700 3565 (5),
729 3493 880 3565 quorum
916 3475 1032 3566 gravis
1064 3493 1163 3547 error
1195 3480 1262 3549 est.
1285 3477 1425 3562 Quanto
1457 3473 1536 3548 enim

489 3597 593 3670 Vives
627 3598 744 3670 aerius
781 3598 907 3670 lalsam
935 3598 1160 3671 Dialectieem
1189 3599 1430 3692 impugnavit,
1455 3601 1537 3671 huto

521 3839 555 3904 (l)
570 3840 650 3900 ibid,
667 3839 720 3893 301.

521 3928 554 3993 (2)
570 3929 639 3978 ibid.

519 4015 553 4081 (3)
569 4033 581 4062 «
597 4018 673 4068 Pour
686 4017 804 4068 certatus
815 4017 996 4080 humenistas‚
1010 4017 1062 4068 tals
1072 4030 1126 4083 que
1139 4018 1225 4069 Louis
1238 4017 1332 4079 Vives,
1346 4020 1373 4069 lu
1382 4013 1535 4078 Dialectiqut

488 4104 556 4156 eteit
572 4119 671 4155 encore
688 4119 726 4155 un
741 4108 815 4168 ohJet
831 4106 865 4155 do
880 4106 997 4169 mepris;
1015 4106 1083 4157 dans
1098 4107 1266 4176 l’euergique
1278 4107 1403 4158 reaction
1417 4110 1503 4158 contre
1514 4102 1534 4148 le

487 4208 589 4258 moyen
600 4195 659 4259 ege,
673 4208 710 4243 on
720 4195 828 4256 rejetait
839 4193 1041 4258 irequemmeut
1051 4196 1078 4244 la
1090 4197 1181 4246 bonne
1194 4197 1303 4246 science
1318 4209 1354 4246 en
1366 4199 1450 4248 meme
1461 4198 1533 4252 temps

371 4291 377 4300 '
487 4297 541 4347 que
556 4284 582 4332 la
598 4283 751 4332 caricature
766 4282 850 4345 qu’ou
865 4296 900 4333 en
915 4285 990 4334 avait
1003 4285 1079 4336 faite.
1091 4301 1103 4333 u
1115 4284 1260 4349 (Schmidt,
1273 4290 1364 4338 Etude
1379 4301 1429 4338 eur
1440 4289 1531 4338 sturm,

487 4387 513 4435 p.
529 4372 584 4435 265,
600 4371 663 4436 aee).
