3284 5480
902 635 1062 699 -28-

450 773 599 850 trandae
610 781 644 850 et
654 774 1124 848 mothenratioarumortinm
1136 772 1220 848 viris
1230 775 1412 866 relinquat
1426 771 1518 869 (¹)·‘

451 898 520 972 Sed
540 899 627 972 alibi
649 898 824 988 quasdam
844 916 885 972 ex
903 899 960 972 his
980 899 1132 982 artibus,
1152 917 1242 990 quas
1260 899 1416 991 primum
1440 915 1525 990 pro-

450 1017 590 1102 lrlbuit,
617 1019 739 1094 leviter
759 1021 1002 1112 degustandas
1026 1021 1166 1114 puellae
1186 1021 1369 1104 concedit,
1396 1027 1442 1094 ut
1467 1020 1523 1092 ri·

450 1143 631 1218 dabimus.

499 1271 542 1342 lit
555 1271 710 1362 primurn
730 1271 1003 1345 Grammaticam
1021 1273 1167 1346 latinam
1184 1271 1358 1355 concedit,
1376 1288 1465 1344 cum
1482 1285 1526 1342 ea

450 1411 540 1486 opus
562 1395 666 1468 situl
687 1395 934 1487 intelligantur
951 1397 1248 1490 philosophorum
1270 1403 1306 1469 ct
1327 1402 1522 1488 poetarum

451 1519 532 1591 libri
549 1539 701 1611 quorum
719 1539 824 1593 usum
843 1528 878 1594 et
894 1521 1081 1595 lectionem
1097 1529 1159 1595 aut
1172 1520 1347 1613 permittit
1357 1527 1420 1593 aut
1435 1535 1523 1591 sua·

449 1641 529 1724 del;
548 1642 657 1716 immo
672 1643 750 1736 lpse
765 1643 810 1716 ad
827 1663 933 1717 usum
951 1646 1104 1737 puellae,
1123 1645 1254 1718 llloriae
1269 1643 1404 1718 scilicet
1420 1642 1523 1734 regis

450 1766 644 1859 duplorum
666 1767 782 1852 tiliae,
804 1769 966 1843 libellum
986 1769 1030 1842 de
1050 1770 1287 1842 Grammatico
1306 1768 1468 1860 scripsit.

472 1871 475 1877 ’
498 1891 721 1964 Rhetoricam
743 1892 874 1966 deinde
894 1893 1008 1966 discat
1026 1893 1172 1967 iernina.
1191 1893 1426 1980 -Quamvis
1444 1907 1522 1962 non

450 2016 607 2109 indigeat
635 2019 860 2109 eloquentia,
886 2019 959 2091 slve
981 2026 1109 2111 natura
1135 2019 1223 2092 satis
1243 2020 1417 2110 eloquens
1441 2022 1521 2098 est,

449 2143 524 2215 slve
554 2161 631 2216 eam
670 2144 782 2216 mutto
810 2143 955 2235 saepius
984 2142 1085 2217 dccet
1111 2149 1226 2216 tacere
1255 2160 1364 2234 quam
1393 2141 1519 2232 loqui,

449 2272 568 2339 tamen
595 2294 610 2331 ι
632 2266 668 2338 in
692 2269 759 2340 lroc
778 2287 902 2341 seru»
929 2270 1021 2340 lrsnc
1040 2276 1152 2340 artem
1175 2295 1190 2332 ‹
1212 2287 1284 2341 non
1303 2265 1514 2363 reprobat»

448 2390 573 2474 Vives,
602 2409 644 2464 ea
664 2399 782 2464 tamen
803 2391 1008 2465 conditione
1029 2399 1067 2464 ut
1087 2391 1276 2465 edoceatur
1296 2411 1317 2463 a
1342 2391 1517 2482 magistro

380 2585 384 2592 .
449 2514 724 2607 diligentissime
744 2516 894 2601 delecto,
915 2517 1035 2608 potius
1055 2535 1076 2588 a
1095 2517 1241 2598 lomina,
1260 2516 1290 2588 si
1306 2516 1394 2588 satis
1411 2513 1519 2588 docta

450 2641 675 2726 intentatum
698 2641 754 2713 siu
777 2642 898 2714 minus
924 2661 945 2714 a
967 2639 1182 2733 praedaeue
1204 2639 1302 2724 viro,
1324 2645 1356 2746 et
1377 2638 1516 2732 probe·

449 2762 597 2849 tissime,
623 2785 734 2858 neque
763 2764 905 2853 coelibe,
935 2765 998 2838 sed
1025 2792 1040 2829 ‹
1060 2765 1117 2837 oui
1137 2766 1185 2839 sit
1203 2783 1293 2838 uror
1311 2771 1347 2837 et
1366 2764 1517 2856 quidem

449 2907 514 2962 nec
532 2889 702 2962 deformis
724 2897 758 2962 et
778 2909 858 2962 cora
881 2888 945 2985 (d).
970 2917 984 2954 t

498 3015 637 3086 Possim
658 3022 693 3087 ct
712 3015 869 3106 poeticos
889 3015 1080 3106 scriptores
1103 3014 1295 3120 permittit,
1313 3013 1375 3087 sed
1396 3013 1518 3087 exclu-

448 3138 499 3210 sis
516 3138 685 3210 omnibus
707 3139 936 3220 «amatoriis,
958 3166 973 3204 ›
995 3139 1032 3212 ld
1048 3147 1102 3212 est
1117 3141 1189 3214 iere
1208 3139 1378 3212 omnibus
1399 3137 1516 3230 poetis

447 3265 609 3355 antiquis
629 3271 663 3336 et
690 3283 762 3336 non
783 3265 905 3356 paucis
926 3284 945 3337 e
969 3265 1191 3346 recentibus,
1222 3282 1375 3355 quorum
1397 3264 1513 3337 canti-

409 3474 411 3480 ,
449 3391 551 3462 lenae
571 3394 606 3461 et
625 3389 808 3461 iabulosae
835 3389 1059 3461 narrationes
1088 3390 1139 3461 nil
1164 3389 1235 3461 uisi
1265 3405 1422 3460 amorem
1453 3395 1517 3460 aut

447 3521 624 3587 amotores
644 3521 815 3604 perpetuo
833 3514 1037 3587 decantant.
1056 3515 1127 3585 llos
1143 3518 1303 3586 recentes
1321 3512 1515 3604 scriptores

416 3707 421 3718 ,
455 3665 470 3703 ‹
491 3638 713 3728 pestiferos»
740 3644 840 3711 vocat
859 3638 985 3721 Vives,
1006 3645 1041 3710 et
1069 3637 1277 3729 indignatur
1303 3655 1364 3710 eos
1385 3636 1513 3708 lauda·

449 3761 608 3835 tissimus
629 3781 708 3834 esse
727 3770 761 3834 el
780 3763 818 3833 in
840 3761 1001 3834 omnium
1024 3762 1192 3834 manibus
1211 3761 1344 3834 versari
1367 3785 1376 3831 :
1404 3786 1420 3825 ‹
1447 3761 1511 3834 lli·

448 3905 526 3967 ror,
549 3886 688 3976 inquit,
710 3887 873 3959 cordatos
902 3893 1021 3978 patres
1041 3885 1117 3959 suis
1138 3885 1283 3957 illialrus
1309 3885 1515 3976 permittere

448 4018 483 4084 et
499 4009 646 4082 maritos
662 4010 836 4083 uxoribus
853 4037 868 4075 s
888 4010 1113 4094 Amadisum,
1131 4009 1352 4082 Lancllctum
1369 4012 1510 4092 altacu,

479 4321 512 4386 (l)
527 4320 608 4380 ibid„
624 4319 678 4371 369.

478 4410 511 4475 (2)
527 4416 564 4461 De
577 4410 704 4461 institut.
719 4411 795 4468 fem„
811 4423 838 4471 p.
853 4407 892 4458 sl.
