3284 5480
910 571 1070 634 ..94-

458 729 530 802 qua
543 711 908 802 commissurapriora
922 709 1183 802 posterioribus
1197 710 1412 802 compingat,
1430 730 1542 802 quae

458 834 564 906 verba
602 835 754 926 singulis
786 836 948 926 partibus
977 835 1231 908 accommodet.
1265 862 1280 900 »
1311 837 1388 922 Qun
1406 836 1538 916 iacto,

463 985 479 1022 ‹
508 967 545 1031 tu
567 959 758 1032 artificium
779 959 873 1032 idem
894 959 1064 1051 effingito,
1087 979 1159 1032 non
1181 960 1304 1032 eadem
1326 961 1378 1033 vel
1400 962 1538 1043 verba,

456 1085 511 1155 vel
546 1103 665 1156 sensa.
699 1111 714 1148 ι
749 1087 839 1156 Vera
868 1103 949 1176 ergo
982 1092 1016 1158 ot
1041 1087 1138 1176 justa
1166 1083 1339 1169 imitatio,
1362 1103 1405 1156 ex
1424 1085 1540 1158 Vivis

459 1209 1536 1302 doctrina,uostrumpropriumingeniumperlioitetauget;

460 1351 524 1406 neo
542 1333 577 1406 id
597 1332 704 1406 efficit
724 1341 762 1404 ut
776 1334 894 1405 alieno
911 1343 1032 1405 noster
1045 1341 1268 1424 supponatur
1284 1333 1540 1434 animus,sed

458 1459 578 1548 potius
601 1465 641 1528 ut
660 1458 695 1528 in
713 1465 875 1528 nostrum
892 1457 1163 1530 transfundatur
1182 1459 1336 1538 alienus,
1355 1459 1404 1529 ita
1420 1466 1460 1531 ut
1473 1459 1538 1529 vis

458 1584 535 1673 ojus
558 1582 702 1656 dicendi
727 1583 829 1674 quasi
857 1603 919 1674 per
940 1591 1098 1655 nostram
1119 1593 1282 1674 erumpat
1308 1583 1533 1655 orationem.

506 1707 603 1780 Nihil
623 1709 785 1780 invenies
806 1709 903 1800 quod
918 1708 1158 1800 reprehendas
1176 1709 1213 1779 in
1229 1709 1286 1779 bis
1302 1708 1533 1799 praeceptis:

460 1851 570 1906 unum
588 1833 677 1905 torte
692 1832 928 1912 desiderabis,
951 1832 1048 1922 qnod
1065 1833 1182 1913 Vives,
1206 1832 1326 1922 utqui
1347 1832 1391 1904 de
1406 1832 1536 1904 imita·

459 1959 557 2031 lione
574 1959 765 2030 latinorum
784 1957 895 2030 latine
912 1957 1144 2048 loquentibus
1160 1965 1347 2048 praecepta
1364 1956 1532 2036 dederit,

460 2101 532 2156 non
550 2083 718 2155 distincte
738 2083 928 2173 expressit,
951 2081 1048 2171 quod
1068 2091 1187 2153 tamen
1204 2101 1247 2153 ex
1263 2083 1341 2172 ejns
1361 2080 1536 2152 doctrina

458 2216 497 2280 tu
516 2208 681 2298 colligere
700 2214 814 2297 potes,
838 2206 972 2277 scilicet
989 2205 1225 2279 imitationem
1247 2205 1444 2296 discipulos
1463 2207 1533 2296 qui

459 2332 495 2401 iu
509 2333 696 2424 gymnasio
707 2338 894 2403 versantur
914 2331 1068 2403 maxime
1081 2331 1531 2422 deuereeorumqueinge-

332 2491 337 2500 ·
391 2529 397 2542 ,
459 2458 560 2528 nium
580 2456 711 2546 lovere,
732 2455 795 2528 sed
816 2455 936 2525 vr'rum
956 2456 1120 2529 minuere
1144 2463 1179 2527 et
1201 2454 1405 2546 refringere.
1438 2456 1533 2527 Ora-

459 2582 620 2653 torcnim
638 2583 676 2652 in
688 2580 838 2653 diversis
854 2581 946 2652 vitae
956 2579 1110 2652 fortunis
1120 2579 1208 2672 quid
1218 2580 1286 2652 sibi
1300 2579 1479 2672 agendum
1493 2587 1532 2653 ot

459 2705 641 2796 quomodo
660 2705 852 2778 dicendum
865 2707 912 2777 sit
925 2724 988 2796 per
999 2724 1038 2777 se
1049 2706 1167 2796 ipsum
1179 2705 1334 2796 reperire
1344 2705 1450 2777 debet
1460 2723 1533 2784 nco

458 2838 631 2922 perpetuo
647 2830 717 2902 sibi
732 2831 914 2922 exemplar
924 2829 1104 2919 quoddam
1118 2847 1317 2920 proponere
1331 2849 1353 2900 a
1367 2847 1439 2919 quo
1454 2848 1532 2901 ser·

459 2955 575 3026 viliter
594 2954 761 3046 pendeat.
783 2954 879 3026 Nihil
900 2953 1007 3037 forte,
1030 2954 1121 3025 nibil
1147 2954 1246 3025 virile
1272 2972 1431 3044 unquam
1465 2955 1527 3025 in·

459 3080 579 3150 venies
612 3080 650 3150 in
678 3097 719 3150 eo
746 3080 809 3169 qui
837 3096 977 3169 semper
994 3077 1064 3148 sibi
1084 3078 1204 3150 dicet:
1226 3077 1313 3164 Quis
1335 3079 1423 3149 milri
1445 3079 1530 3149 imi·

459 3203 615 3277 landus?
635 3211 674 3276 ut
694 3205 768 3287 ille,
791 3204 886 3295 apud
907 3204 1099 3294 quemdam
1118 3222 1138 3275 e
1157 3205 1291 3275 nostris
1310 3204 1440 3296 poetis,
1463 3204 1528 3294 qui

460 3347 550 3419 opus
567 3328 716 3418 aliquod
737 3328 918 3401 meditans
937 3329 1137 3400 exclamat:
1578 3304 1583 3314 ’

552 3525 712 3577 Cherchons
727 3540 766 3575 un
781 3526 967 3576 denouoment
981 3528 1027 3589 qui
1044 3541 1078 3576 no
1095 3528 1149 3576 soit
1162 3528 1240 3590 point
1255 3526 1352 3586 banal;

554 3613 608 3674 Qui
624 3615 793 3678 pourrais-jo
808 3616 900 3664 imiter
915 3629 986 3678 pour
1001 3617 1058 3664 dtre
1074 3616 1191 3680 original
1207 3615 1265 3678 (ill

509 3751 716 3859 llbetorioae
748 3787 893 3877 quidem
927 3789 1125 3879 praeceptis
1151 3789 1285 3878 regitur
1311 3807 1351 3859 ao
1379 3787 1529 3861 docetur

459 3909 601 3983 dicendi
618 3911 780 3992 incultas,
805 3914 909 4003 longa
924 3920 1042 3983 autam
1058 3913 1311 3984 exercitatione
1326 3913 1525 4003 perficitur.

460 4035 600 4126 Triplex
621 4054 702 4107 vero
722 4055 835 4127 genus
855 4044 909 4108 est
928 4037 1215 4120 exercitationis;
1234 4036 1274 4109 lu
1289 4038 1385 4108 enim
1405 4038 1460 4109 vel
1478 4039 1528 4108 lo·

490 4344 522 4410 (l)
538 4345 662 4407 Goppde‚
679 4349 714 4392 Le
731 4347 841 4400 Tre'sor,
