3284 5480
597 519 757 582 ..27-

143 656 242 748 quod
266 655 355 749 quid
379 656 427 728 sit
454 655 612 738 bonum,
634 655 722 747 qnid
746 674 889 738 verum,
911 655 1000 746 quid
1019 655 1208 747 pulchrum

142 781 312 854 nesciunt
333 804 342 852 :
370 807 385 844 ‹
406 781 520 852 lmmo
539 799 622 853 rero
643 781 730 854 haec
749 786 803 852 est
826 779 903 852 sola
922 799 1029 852 causa
1051 798 1114 852 cur
1133 781 1209 870 ple-

143 923 277 995 raeque
296 923 422 978 omnes
439 891 594 977 feminae
610 905 684 977 sint
704 903 882 984 difficiles,
902 922 1076 987 morosae,
1093 905 1209 976 cultus

143 1029 346 1111 studiosae,
370 1028 615 1102 admiratrices
636 1047 832 1121 nugarum,
853 1028 891 1099 in
912 1029 1092 1120 prosperis
1113 1029 1210 1100 inso-

142 1154 282 1236 lentes,
305 1154 342 1224 11
369 1151 528 1226 adversis
555 1153 713 1244 abjectae
736 1152 781 1225 ad
810 1170 1030 1235 moerorem,
1053 1153 1210 1244 denique

144 1275 402 1360 intolerabiles,
423 1279 520 1369 quod
539 1277 641 1350 nulla
660 1277 848 1350 meliorum
869 1295 988 1351 rerum
1008 1276 1210 1369 cognitione

144 1403 304 1476 imbutae
324 1402 423 1475 aliud
440 1421 507 1476 nec
525 1421 645 1475 amare
664 1410 817 1494 possunt
836 1421 902 1474 nec
917 1402 1037 1475 odisse
1055 1398 1120 1496 (1).
1138 1429 1154 1466 ›

194 1525 230 1598 Si
252 1526 334 1618 quis
353 1526 484 1599 dixerit
510 1526 684 1618 quasdam
713 1526 825 1598 luisse
842 1532 877 1598 et
896 1525 1017 1598 doctas
1039 1533 1074 1599 et
1093 1527 1209 1618 impu-

143 1649 242 1723 dicas
267 1649 442 1733 feminas,
473 1651 578 1724 Vives
604 1650 761 1722 «doctas
786 1650 880 1722 acies
905 1677 920 1714 ι
947 1650 1138 1742 explicabit
1161 1649 1210 1721 ie·

144 1773 324 1847 minarum
361 1794 453 1865 qnae
485 1776 652 1848 eximiam
690 1775 887 1848 doctrinam
922 1793 1001 1847 cum
1036 1774 1208 1866 singulari

143 1898 306 1970 castitate
322 1899 600 1988 conjunxerunt,
622 1900 668 1971 ab
689 1901 752 1972 illa
768 1899 951 1984 Cornelia,
975 1905 1085 1972 matre
1105 1900 1209 1971 Grac·

143 2022 307 2106 eborum,
329 2023 510 2114 usquead
530 2031 601 2097 tres
621 2025 777 2097 thomae
800 2025 888 2097 Mori
909 2024 1016 2104 filias,
1039 2023 1209 2096 omnibus

142 2153 283 2238 apatre
301 2147 438 2220 artibus
459 2149 616 2221 excultas
636 2149 880 2240 omnibusque
899 2148 1091 2222 virtutibus
1106 2166 1208 2220 exor-

143 2277 260 2342 natas.
281 2272 367 2344 Sese
386 2271 531 2344 demum
547 2273 701 2364 proteret
719 2279 845 2346 testem
864 2299 873 2345 ε
898 2273 1120 2346 ‹Necullam
1137 2291 1209 2345 rne-

143 2393 233 2467 mini
253 2395 387 2468 vidisse
406 2415 462 2469 me
481 2397 698 2489 impudicam
719 2397 880 2481 doctam,
901 2426 916 2463 ι
941 2397 1051 2471 immo
1076 2425 1091 2461 ι
1115 2414 1209 2469 com·

143 2518 238 2610 peri,
270 2519 339 2602 ait,
371 2519 483 2592 malas
516 2539 641 2593 omnes
673 2520 824 2594 feminas
856 2522 963 2594 rudes
994 2541 1035 2594 ac
1066 2522 1208 2612 ignaras

143 2661 292 2735 prorsus
312 2661 391 2716 esse
412 2645 610 2717 litterarum
627 2643 696 2739 (1).
718 2672 733 2710 ›

194 2770 386 2858 Postquam
407 2769 665 2843 demonstravit
683 2771 786 2844 Vives
806 2771 1022 2862 aequitatem
1043 2770 1152 2843 simul
1172 2777 1208 2843 et

143 2891 333 2963 utilitatem
356 2894 536 2982 postulare
552 2901 591 2966 ut
611 2893 743 2966 femina
758 2895 954 2977 erudiatur,
974 2895 1114 2986 quaerit
1132 2894 1208 2985 qui·

142 3014 213 3086 bus
233 3015 405 3087 doctrinis
426 2987 472 3089 s'it
491 3017 706 3097 erudienda,
730 3027 765 3090 et
783 3038 857 3090 non
878 3020 998 3092 statim
1021 3038 1087 3092 nec
1105 3019 1208 3092 facile

130 3137 311 3242 ¹invenit:
340 3165 356 3204 ‹
375 3140 529 3214 Naturae
549 3143 808 3233 cognitionem,
834 3145 903 3228 ait,
933 3145 1204 3236 grammaticae,

142 3263 335 3347 historiae,
365 3273 400 3338 et
427 3275 764 3358 rerumgestarum,
788 3269 1004 3360 reipublicae
1028 3269 1204 3341 adminis-

141 3657 220 3706 nullo
234 3656 317 3707 modo
330 3657 433 3708 novit?
450 3658 531 3719 Quod
546 3660 570 3709 si
585 3660 638 3710 ista
653 3662 743 3724 placet
758 3661 904 3720 sententia,
922 3676 971 3711 cur
988 3663 1021 3711 ad
1037 3675 1129 3711 sacras
1145 3675 1206 3711 con·

141 3745 238 3795 ciones
253 3746 440 3796 adducimus?
456 3747 514 3798 Cur
528 3748 660 3799 docemus
675 3750 742 3813 ipsi,
757 3751 937 3814 castigamus,
955 3751 1134 3800 admonemus
1149 3765 1206 3800 mc-

140 3833 243 3883 liorum
256 3833 267 3882 l
282 3833 450 3894 Praestabit,
468 3837 564 3897 credo,
581 3852 629 3887 rus
652 3853 800 3902 seponere,
816 3844 844 3888 11
858 3840 1000 3902 ingenium
1021 3840 1044 3888 si
1066 3840 1140 3902 quod
1158 3841 1207 3887 ba·

140 3923 210 3971 bent
222 3921 366 3972 debilitare
381 3939 413 3973 ac
428 3925 593 3988 opprimere,
606 3927 726 3989 denique
739 3929 843 3976 belluas
859 3928 966 3977 efficere
982 3942 1016 3977 ex
1028 3928 1186 3976 bominibus
1199 3941 1204 3976 :

140 4011 181 4060 ita
195 4010 270 4058 enim
287 4011 399 4074 longius
414 4015 532 4062 aberunt
547 4029 563 4062 a
577 4013 704 4083 doctrina
719 4031 731 4062 1
751 4016 796 4078 (De
811 4020 1009 4076 institutione,
1026 4021 1090 4079 111,
1113 4018 1160 4067 lib.
1180 4016 1205 4079 1,

140 4112 165 4149 c.
182 4095 231 4159 xv).

172 4185 207 4250 (1)
222 4190 259 4236 De
275 4187 366 4246 1111111
381 4191 493 4249 mariti,
510 4190 564 4250 365,
580 4191 633 4243 366.

172 4276 206 4340 (1)
221 4276 302 4336 lbid.,
318 4277 372 4330 365.
