3284 5480
896 654 934 668 ..
956 619 995 684 80
1015 654 1055 667 ..

443 759 497 832 vei
514 759 691 839 caelestis,
703 765 765 832 aut
778 758 870 831 circa
886 766 1061 848 quantum
1079 775 1250 830 sonorum
1267 762 1473 832 versantur.
1495 783 1510 820 ›

444 886 540 971 Quas
559 903 685 957 omnes
705 891 799 956 artes
815 882 984 956 colendas
1002 901 1081 956 esse
1095 891 1229 966 censet,
1247 901 1326 954 cum
1342 881 1391 954 ad
1407 897 1515 952 usum
1614 925 1615 928 ¹

443 1009 535 1080 ritae
559 1007 741 1100 'pertinere
767 1009 910 1099 possint
933 1015 968 1079 et
1001 1034 1017 1070 ‹
1046 1005 1245 1079 conducere
1269 1005 1314 1078 ad
1339 1004 1516 1096 cognitio·
1613 1011 1615 1018 ⁴

443 1152 523 1205 nern
554 1133 828 1225 philosophiae;
852 1134 950 1204 Plato
975 1133 1071 1203 eninr
1095 1151 1137 1205 er
1161 1130 1339 1203 auditorio
1365 1147 1437 1202 suo
1457 1147 1516 1202 er·

442 1258 597 1349 petteuat
616 1257 678 1348 qui
699 1257 785 1330 illuc
804 1258 968 1330 venirent
994 1257 1293 1330 attathenraticis
1318 1253 1471 1326 deserti.
1496 1278 1510 1315 1
1614 1343 1615 1350 Ν

442 1381 513 1453 Sed
533 1381 626 1453 uttra
651 1407 666 1443 ‹
689 1381 921 1471 primordio»
948 1380 1112 1472 progredi
1134 1398 1361 1470 nequaquam
1386 1395 1514 1450 neces-

442 1505 599 1586 sarium,
625 1505 736 1576 inno
769 1479 1016 1596 periculosum*
1041 1505 1253 1578 eristirnat:
1283 1531 1299 1569 ‹
1324 1505 1416 1576 Nam
1448 1503 1516 1576 hae

441 1629 680 1720 cognitiones,
703 1630 734 1700 si
763 1629 844 1720 quis
870 1629 1131 1722 progrediendo
1152 1629 1220 1702 sibi
1242 1629 1446 1720 indulgeat,
1477 1628 1514 1700 iu

441 1752 624 1826 infinitum
649 1754 803 1835 abeunt,
825 1761 860 1826 et
884 1733 1037 1827 so‘tticita
1056 1754 1184 1826 harum
1205 1753 1395 1844 inquisitio
1418 1770 1515 1823 are·

440 1877 509 1950 bus
537 1879 627 1952 vitae
652 1878 818 1960 abducit,
843 1879 1117 1970 communisque
1145 1897 1275 1951 sensus
1305 1877 1426 1950 reddit
1455 1895 1515 1949 er·

441 2011 572 2093 pentes.
597 2031 635 2104 1Ι

489 2128 612 2220 Neque
627 2128 722 2200 enirn
739 2129 806 2200 hoc
821 2135 963 2220 tempus
979 2128 1117 2201 videtur
1133 2127 1266 2200 oblitus
1282 2127 1515 2199 inisseVives

440 2271 519 2324 cunr
541 2253 829 2336 Mathematicus,
852 2274 924 2326 una
948 2274 1027 2327 cunr
1048 2255 1158 2345 Magis
1182 2260 1291 2344 atque
1310 2252 1514 2343 Astrologis

440 2377 529 2451 adeo
546 2378 698 2452 intensis
719 2380 831 2451 oculis
852 2380 977 2471 vulgus
994 2379 1201 2452 intuebatur
1220 2385 1260 2451 ut
1278 2377 1322 2450 de
1342 2377 1396 2450 eis
1416 2377 1514 2449 dice-

441 2511 494 2576 ret
515 2529 523 2574 :
551 2530 565 2567 1
586 2504 624 2575 Si
644 2503 727 2594 quis
747 2504 1019 2578 mathematicus
1040 2503 1166 2586 tuerit,
1187 2503 1225 2575 id
1252 2509 1306 2575 est
1325 2503 1513 2574 invocator

440 2629 654 2702 daemonum
686 2627 992 2724 (1111111111
1028 2628 1205 2719 quosdam
1239 2629 1511 2706 Mathematioos

440 2761 585 2826 noverat
599 2755 702 2826 Vives
718 2774 947 2846 nequaquam
964 2754 1165 2828 communis
1181 2772 1311 2826 sensus
1326 2760 1509 2845 expertes,

439 2885 474 2952 et
499 2879 566 2950 hos
593 2879 762 2969 legendos
790 2880 1036 2962 commendat,
1059 2880 1153 2952 inter
1177 2898 1268 2970 quos
1286 2882 1465 2951 ioannem
1490 2895 1512 2948 a

471 3108 504 3174 (1)
520 3109 601 3172 npuo
617 3111 718 3159 munos
732 3110 864 3174 (narona
880 3111 1025 3167 1111111111,
1043 3109 1172 3171 1111111,
1186 3089 1240 3168 cos,
1253 3115 1280 3158 et
1295 3109 1419 3172 aeneio,
1436 3113 1510 3169 oure

440 3201 560 3248 senserit
575 3203 723 3260 Erasmus,
740 3203 800 3260 eto,
814 3213 840 3260 p.
855 3198 1045 3261 redimentes
1062 3199 1178 3247 relatum
1194 3199 1267 3248 hunc
1280 3198 1396 3247 Ebrardi
1412 3199 1510 3248 Bithu-

440 3288 545 3337 niensis
568 3301 680 3336 versum
703 3287 732 3334 in
752 3301 806 3349 quo
829 3287 884 3335 dici
906 3287 1017 3338 videtur
1039 3287 1190 3336 Ecclesiam
1210 3302 1227 3336 a
1246 3287 1449 3338 Mathematicis
1471 3290 1511 3337 ita

440 3377 617 3428 abhorruisse
632 3380 663 3425 ut
676 3376 883 3426 Mathematicos
899 3376 1103 3426 comburendos
1115 3378 1245 3439 juberet:

559 3557 675 3636 Datque
695 3554 926 3618 Mathematicus
940 3554 1080 3616 comburi
1094 3553 1250 3636 theologia,

440 3751 495 3802 Sed
509 3755 541 3801 ut
554 3755 629 3800 recte
643 3751 814 3813 intelligatur
828 3751 874 3800 ille
887 3765 985 3802 vorsus
1000 3749 1031 3815 (1)
1047 3764 1161 3800 necesse
1181 3755 1222 3800 est
1238 3751 1282 3800 hic
1302 3765 1414 3814 quoquo
1434 3751 1509 3801 reie-

439 3844 515 3890 retur
530 3841 653 3904 ejusdem
668 3841 791 3889 auctoris
806 3855 904 3891 versus
922 3855 927 3890 :

557 4019 645 4081 Scire
659 4017 734 4104 facit
746 4017 906 4094 mottdsis,
926 4017 980 4081 sed
995 4017 1136 4080 divinare
1151 4017 1307 4080 mathesis.

439 4215 570 4280 Neglecta
585 4217 645 4278 ipsa
660 4215 813 4276 quantitate
828 4214 955 4275 metrica,
971 4214 1147 4263 manifestum
1169 4216 1211 4262 est
1230 4214 1384 4262 Ebrardum
1406 4215 1506 4264 discri-

396 4311 400 4322 '
438 4319 501 4354 men
516 4307 588 4353 inter
603 4304 747 4352 scientiam
766 4307 792 4351 et
814 4303 1013 4351 divinationem
1033 4303 1145 4363 iecisse,
1161 4307 1188 4350 ct
1202 4307 1308 4351 tanturn
1324 4303 1419 4366 Magos
1434 4320 1506 4354 corn·

438 4395 500 4444 buri
514 4397 634 4444 dedisse.
651 4410 663 4440 11
679 4418 710 4427 -
722 4391 763 4442 Gt.
779 4395 902 4440 Histoire
919 4393 1064 4454 litterati-e,
1081 4396 1100 4440 t.
1116 4391 1207 4452 XVII,
1227 4392 1277 4441 135.
