3284 5480
901 601 1063 666 -t‘t-

449 740 554 814 Vires
575 739 672 814 haud
692 733 780 815 satis
799 759 879 814 esso
897 747 1031 814 censet.
1058 768 1074 805 ‹
1094 741 1377 814 Exercitamenta
1394 759 1518 832 corpo

450 885 528 938 rum
558 865 680 938 crebra
706 865 779 938 siut
805 865 842 936 in
868 865 1048 958 pueris,›
1080 865 1155 948 alt;
1178 871 1397 958 compertum
1417 865 1517 938 enim

450 990 559 1063 habet
577 989 771 1062 recreando
798 1008 927 1081 corpus
954 996 989 1061 et
1021 989 1185 1082 augendo
1212 991 1289 1081 eius
1309 989 1401 1062 uires
1428 1017 1444 1053 ‹
1475 1007 1519 1062 ea

451 1089 661 1206 praes'ertim
681 1121 796 1187 aelate
825 1131 917 1205 quae
949 1113 1180 1187 incrementis
1207 1114 1344 1206 indiget
1366 1133 1407 1186 ae
1434 1131 1518 1186 con·

451 1239 654 1310 firmatione
683 1239 864 1330 corporis,
895 1266 910 1303 »
941 1237 1048 1310 simul
1078 1239 1200 1330 augeri
1224 1238 1336 1310 animi
1364 1240 1459 1309 vires
1483 1243 1520 1310 et

452 1364 669 1437 alacritatem
691 1365 738 1437 ad
759 1364 915 1438 laborem
935 1365 1147 1457 comparari.
1170 1365 1310 1438 Etenim
1331 1364 1377 1438 de
1395 1363 1518 1456 pueris

453 1489 568 1562 verius
585 1509 691 1580 qoam
713 1490 757 1564 de
784 1491 869 1562 viris
898 1491 966 1563 dici
988 1497 1106 1584 potest
1138 1519 1153 1556 ι
1179 1509 1308 1584 corpus
1328 1509 1518 1583 aggravare

450 1615 622 1696 animam,
643 1641 658 1678 ι
681 1622 716 1687 et
735 1613 879 1686 difficile
895 1633 975 1688 esse
992 1622 1148 1689 mentem
1165 1634 1290 1688 sanam
1310 1617 1348 1688 in
1369 1633 1517 1706 corpore

453 1758 524 1811 nou
551 1758 639 1810 sano
667 1740 812 1812 versari.
842 1742 932 1832 llrgo
961 1741 1122 1832 quotidie
1148 1741 1221 1812 vult
1245 1741 1349 1813 Vires
1369 1758 1518 1832 corpora

453 1881 575 1934 eorum
601 1861 769 1934 oblectari
798 1870 832 1936 et
859 1864 1013 1936 exerceri
1040 1863 1135 1935 ludis
1161 1890 1177 1927 ι
1204 1863 1265 1954 qui
1290 1864 1516 1936 honestatem

358 2021 362 2028 ·
453 1986 609 2059 habeant
644 2003 723 2058 cum
748 1987 974 2077 jucunditate
1008 1989 1256 2079 conjunctam,
1290 2013 1306 2051 ›
1343 2014 1358 2051 ι
1393 1987 1516 2078 quales

453 2117 538 2183 sunt
563 2111 654 2201 pila,
677 2111 824 2201 globus,
847 2130 992 2191 cursus,
1016 2119 1176 2194 etc...,›
1207 2109 1514 2184 deambulationes
1593 2193 1598 2204 ¹

454 2235 632 2326 longiores
655 2242 754 2308 extra
774 2235 898 2308 urbem
928 2243 963 2308 et
988 2254 1049 2326 per
1069 2255 1186 2327 agros,
1213 2238 1325 2307 Tanta
1345 2235 1514 2307 sollicitu-

454 2360 538 2434 dine
557 2359 709 2432 afficitur
735 2362 965 2453 comparandi
991 2362 1148 2433 alumnis
1174 2361 1337 2434 salubres
1365 2359 1513 2432 oblecta·

455 2485 595 2566 tiones,
617 2492 657 2557 ut
676 2485 860 2576 provideat
887 2486 949 2557 ubi
978 2492 1012 2557 et
1037 2484 1232 2576 quomodo,
1255 2503 1335 2557 cum
1363 2485 1510 2575 pluerit,

455 2610 577 2682 ludere
591 2617 625 2683 et
642 2611 792 2682 recreari
805 2611 960 2701 possint.
981 2609 1092 2682 «Sint
1108 2610 1279 2702 porticus,
1291 2611 1354 2692 ait,
1368 2611 1422 2682 uel
1437 2610 1514 2680 lara

453 2735 1511 2827 atriaquibusserelrciantpluviotempore...Tuucmagno

453 2860 712 2933 oblectamento
738 2867 843 2932 erunt
862 2861 1181 2933 sermocinationes
1206 2858 1353 2932 festivae
1373 2878 1415 2931 ae
1434 2877 1512 2930 sua·

453 3003 526 3065 ves,
551 2985 774 3056 narrationes
792 2985 985 3076 jucundae,
1008 2992 1166 3076 argutae,
1189 2992 1323 3056 etc...»

504 3109 574 3180 Nee
600 3115 719 3180 tamen
747 3117 896 3200 paterna
923 3111 1011 3181 haec
1037 3108 1196 3181 debona
1216 3107 1512 3212 valetudinemi·

454 3231 552 3324 poris
574 3249 658 3303 cura
677 3232 714 3304 in
741 3233 927 3305 mollitiem
948 3234 1093 3305 desinit.
1116 3235 1200 3306 Vult
1224 3232 1369 3324 quidem
1392 3246 1513 3323 corpus

455 3363 489 3428 et
509 3375 650 3428 sumere
677 3357 769 3429 vires
798 3365 833 3429 et
860 3358 973 3448 quieti
1004 3357 1183 3429 interdum
1214 3357 1424 3448 indulgere,
1446 3374 1513 3428 non

455 3500 536 3554 vero
552 3482 674 3554 dolore
690 3484 839 3554 omnino
855 3483 963 3555 enimi
981 3507 989 3553 :
1009 3483 1119 3555 immo
1137 3483 1297 3555 dolorem
1313 3488 1353 3554 ut
1367 3499 1513 3574 poenam

455 3606 613 3698 irrogare
641 3626 712 3678 non
746 3607 969 3688 reformidat,
996 3609 1026 3680 si
1047 3609 1183 3680 utilitas
1203 3608 1314 3679 animi
1347 3607 1511 3698 postulat,

454 3748 584 3820 nempe
602 3739 642 3802 ut
661 3734 786 3821 culpae
806 3733 981 3823 quaedam
1003 3733 1211 3824 puniantur.
1230 3732 1366 3804 hlodice
1385 3739 1512 3810 tamen,

456 3861 495 3926 ut
511 3856 585 3946 jam
603 3855 774 3938 diximus,
800 3857 865 3928 hoc
885 3857 1100 3930 emendandi
1120 3858 1225 3929 modo
1244 3858 1382 3937 utitur;
1404 3856 1514 3947 primo

455 3978 696 4051 adhibeantur
719 3980 822 4070 jubet
855 4007 870 4044 ‹
899 3981 1150 4072 reprehensio,
1182 3980 1328 4053 laudum
1354 3988 1390 4052 el
1415 3998 1512 4071 prae·

455 4102 610 4173 mierum
636 4103 786 4193 privatio
815 4130 829 4167 ›
857 4112 892 4175 et
920 4105 1067 4194 quaevis
1087 4105 1157 4176 alia
1184 4104 1353 4176 correctio
1384 4101 1514 4174 liberali

455 4226 599 4318 ingenio
626 4228 746 4317 digna.
776 4228 830 4300 hd
858 4236 1057 4300 extremum
1078 4236 1219 4312 tamen,
1245 4227 1275 4300 si
1296 4230 1396 4300 omni
1416 4226 1516 4298 modo

460 4357 596 4422 ceterae
623 4349 874 4442 castigationes
895 4351 1016 4424 irritae
1041 4369 1082 4423 ac
1105 4351 1252 4425 inutiles
1272 4349 1469 4438 evaserint,
1487 4355 1518 4422 et
