3284 5480
452 1567 595 1642 CAPUT
622 1565 830 1646 TERTIUM,

409 1891 454 1944 DE
479 1889 609 1946 sodomi
634 1891 676 1942 idi
700 1889 892 1944 uidisrms.

119 2173 200 2232 Quae
214 2173 283 2224 vitia
302 2173 332 2221 in
347 2173 481 2236 regimine
496 2173 654 2222 scholarum
669 2172 797 2222 censoria
811 2176 879 2220 nota
894 2172 1021 2235 designet
1035 2172 1143 2223 Vives?
1157 2199 1188 2212 -

9 2256 13 2264 ’
153 2263 253 2312 Nonne
265 2263 320 2324 jam
335 2263 492 2312 scholarum
510 2261 686 2311 restitutores
702 2260 883 2310 exstiterint?
897 2286 927 2296 -
943 2260 1021 2320 Quae
1036 2262 1188 2325 praecipiat

150 2352 237 2404 Vives
251 2352 286 2401 ed
301 2352 409 2404 scholas
424 2355 499 2402 recte
514 2350 724 2402 constituendas
740 2354 768 2401 et
782 2350 941 2416 regendas?
1021 2373 1023 2376 >

178 2647 194 2686 ‹
214 2622 422 2709 Quaesitum
443 2630 510 2705 est,
528 2621 648 2713 inquit
667 2621 785 2711 vivae,
808 2621 869 2694 ubi
888 2621 1017 2694 meiius
1037 2621 1188 2694 docean-

124 2754 182 2820 tur
208 2747 331 2839 pueri,
362 2747 508 2819 domine
534 2765 579 2818 an
606 2747 694 2819 ioris
728 2743 804 2841 (Μ
831 2773 846 2811 ›
879 2746 1084 2837 Respondet
1111 2747 1189 2838 ipse

124 2871 356 2944 utilissimum
389 2871 501 2944 videri
528 2889 588 2943 eos
617 2871 822 2943 instituite
852 2891 939 2940 carc
970 2875 1003 2939 et
1028 2868 1197 2961 perfecta·

124 2993 338 3078 Academia,
365 2995 402 3068 id
421 3003 476 3068 est
494 2996 532 3067 iu
559 3023 574 3060 ι
595 3002 770 3068 conventu
796 2994 983 3068 homiuum
1004 2993 1188 3066 doctorum

124 3120 256 3212 pariter
276 3129 310 3193 ct
329 3121 507 3193 bonorum
535 3126 828 3211 congregatorum
855 3118 901 3191 ad
922 3119 1011 3192 tales
1033 3119 1186 3192 redden·

125 3245 190 3317 dos
217 3265 278 3318 cos
307 3245 368 3336 qui
397 3225 485 3316 iiiucx
508 3245 720 3336 disciplinae
746 3245 858 3336 gratia
887 3245 1049 3318 venerim
1075 3242 1182 3338 (ᾖ),

125 3368 194 3441 Sed
214 3389 293 3442 cum
315 3370 523 3460 huiusmodi
544 3369 735 3442 Academia
758 3370 857 3441 mdia
880 3369 927 3464 (3)
948 3389 1045 3441 uuna
1064 3371 1111 3441 sit
1128 3377 1191 3442 aui

124 3493 249 3566 saltem
271 3513 369 3577 rara,
399 3520 414 3558 ‹
443 3495 557 3584 major
581 3500 635 3566 cst
657 3493 880 3566 deliberatio.
903 3520 918 3558 ν
945 3493 1064 3566 Multis
1092 3493 1188 3565 euim

125 3617 220 3690 vitiis
240 3617 451 3691 Academiae
476 3645 492 3682 ι
512 3625 550 3690 ut
569 3637 666 3690 nunc
685 3624 770 3689 sum
790 3643 805 3681 ›
827 3617 1004 3696 laborant.
1025 3636 1097 3689 nou
1116 3626 1191 3690 tan-

124 3750 200 3816 tum
215 3744 252 3815 in
269 3742 454 3816 tradendis
470 3743 609 3815 artibus
625 3742 733 3816 -de
750 3742 883 3833 quibus
902 3742 995 3814 inira
1011 3742 1190 3834 copiosius

123 3875 247 3958 agetur
265 3907 313 3920 -
332 3866 396 3940 sed
416 3867 453 3939 in
479 3867 649 3939 omnibus
670 3867 777 3960 rebus
796 3866 878 3939 aliis
906 3886 999 3958 quae
1022 3867 1067 3940 ad
1087 3868 1190 3940 scho-

123 3992 180 4064 lae
200 3992 357 4083 regimen
377 3991 570 4083 pertinent.

155 4272 191 4340 (1)
205 4277 243 4326 Dc
260 4275 419 4327 Tradendia
434 4275 563 4341 discipl„
579 4288 607 4341 p.
623 4272 677 4328 279.

154 4365 187 4429 (a)
204 4365 284 4425 mia,
300 4377 327 4428 p.
343 4363 397 4416 aaa.

152 4453 187 4518 (3)
203 4453 274 4504 ibid.
