3284 5480
547 708 708 773 -63..

98 847 166 918 rult
198 845 318 920 Vives:
350 846 475 938 arguit
511 847 658 939 quidem
693 847 907 919 seutentiam
939 865 1061 920 eorum
1097 849 1158 938 qui

99 971 349 1044 Grammatioae
370 972 517 1044 nomine
538 970 728 1063 designant
752 971 930 1064 quidquid
955 990 1042 1063 pure
1067 973 1160 1044 dilu-

99 1097 242 1189 cideque
256 1098 429 1188 scriptum
447 1097 591 1170 estsine
611 1097 655 1170 de
671 1098 875 1189 theologia,
893 1097 966 1169 sive
982 1096 1026 1170 de
1044 1097 1161 1169 Philo·

99 1222 221 1314 sophia
233 1223 298 1318 (Ι),
311 1242 376 1296 nec
390 1223 650 1315 appellationes
661 1222 833 1295 conlundi
848 1231 883 1295 et
898 1223 1038 1296 misceri
1054 1223 1159 1306 sinit;

100 1367 150 1420 res
166 1355 286 1419 autem
305 1348 342 1419 in
362 1347 483 1439 pueris
502 1348 674 1421 docendis
691 1348 830 1420 misceri
848 1346 975 1438 probet
992 1354 1026 1420 et
1042 1347 1159 1438 jubel,

100 1472 156 1545 sed
175 1474 225 1544 ita
246 1480 284 1544 nt
304 1472 387 1545 inde
407 1473 544 1545 utilitas
564 1473 665 1564 pueri
686 1479 865 1544 nascatur.
894 1474 1085 1544 ‹Amoena
1108 1470 1161 1542 di·

100 1599 263 1671 vesticula
286 1607 525 1689 quaerantur,
549 1605 588 1670 ut
612 1598 763 1670 historia
789 1599 843 1671 vel
867 1597 1032 1670 tabula...
1057 1597 1100 1669 de
1124 1617 1162 1670 re

101 1724 231 1796 altioris
248 1723 460 1815 disciplinae
475 1723 594 1795 facilia
610 1722 788 1813 quaedam
805 1722 979 1794 delibahit
994 1721 1162 1814 magister

101 1848 213 1939 captui
232 1867 379 1920 suorum
395 1848 676 1921 adolescentium
694 1855 980 1920 consentanea...
999 1866 1106 1938 quam
1124 1847 1161 1918 in

101 1981 230 2063 partem
250 1973 372 2045 malim
389 1975 666 2046 Grammaticum
685 1991 830 2065 peceare
845 1992 953 2064 quarn
972 1973 1162 2064 jejunitate

94 2098 266 2188 quadam.
306 2127 322 2164 ι
366 2101 491 2190 ltaque
532 2099 790 2171 Grammaticae
827 2099 994 2190 magister
1038 2125 1053 2162 ι
1089 2116 1161 2170 non

102 2224 213 2296 solnm
230 2225 435 2296 litterarum
461 2232 496 2297 et
519 2243 645 2296 vocum
670 2225 833 2316 perillam
860 2223 969 2296 sed...
992 2223 1162 2315 cognitio-

101 2365 176 2418 nem
197 2348 438 2439 antiquitatis,
459 2348 704 2429 historiarum,
727 2346 942 2429 tabularum
962 2355 1028 2420 eto.
1053 2344 1117 2442 (t),
1140 2373 1156 2410 ι

103 2471 227 2545 habeat
253 2491 399 2546 necesse
427 2481 494 2546 est.
518 2475 603 2544 llam
625 2491 707 2544 vero
728 2473 1000 2558 Grammaticam
1022 2471 1163 2544 docebit

103 2615 189 2688 quae
208 2617 282 2671 non
302 2599 350 2672 sit
369 2626 384 2663 ι
400 2599 649 2690 superstitiose
667 2599 775 2670 annia
792 2597 872 2693 (3)»
894 2599 985 2671 circa
1005 2598 1159 2690 regulas.

130 2825 162 2891 (l)
176 2831 213 2876 De
229 2829 337 2887 causis,
354 2842 380 2891 p.
396 2825 434 2878 el.

131 2913 161 2979 (Ι)
176 2920 213 2964 De
229 2918 329 2965 causis
344 2921 555 2976 corruptarum,
568 2917 616 2969 lib.
632 2916 667 2978 ll,
682 2930 705 2966 c.
722 2928 753 2975 11,
766 2931 783 2979 p
807 2914 846 2968 ol.
858 2915 986 2965 Vidimus
997 2929 1082 2980 supra
1093 2929 1162 2978 quas

103 3002 214 3054 virtutes
229 3005 258 3053 in
282 3006 415 3068 magistro
437 3007 578 3068 requirat;
594 3009 711 3069 majores
726 3006 817 3055 adhuc
830 3021 846 3054 a
861 3005 1045 3055 Grammatico
1061 3006 1161 3068 exigit,

104 3093 163 3154 quia
179 3095 225 3143 ille
249 3095 380 3158 magister
400 3101 513 3158 propter
532 3099 659 3144 naturam
674 3095 817 3144 doctrinae
832 3095 983 3145 tradendae
1003 3099 1030 3144 et
1045 3100 1162 3144 aetatem

103 3181 307 3246 discipulorum,
320 3185 349 3233 in
364 3186 488 3249 periculo
505 3190 547 3234 est
562 3198 597 3234 ne
608 3185 733 3247 asperior
743 3189 770 3234 et
785 3185 975 3247 impatientior
988 3185 1045 3235 liat.
1062 3200 1074 3232 n
1090 3183 1162 3234 Ludi

20 3300 22 3334 2
102 3269 223 3323 litterarii
238 3275 370 3336 magister
384 3275 418 3322 ab
434 3274 476 3323 his
490 3275 567 3324 vitiis
583 3275 635 3324 erit
650 3275 757 3322 alienus
772 3288 843 3336 quae
859 3274 967 3324 adferre
983 3289 1077 3323 secum
1093 3273 1163 3322 solet

103 3361 165 3410 artis
179 3361 380 3412 Grammaticae
392 3365 505 3426 longum
521 3363 684 3413 exercitium
696 3376 702 3422 ;
718 3376 782 3411 narn
794 3362 869 3425 quod
882 3363 911 3412 in
925 3362 991 3412 ludo
1007 3364 1079 3412 inter
1094 3376 1163 3426 pue·

103 3463 145 3499 ros
165 3452 309 3512 desident,
332 3453 366 3501 ad
381 3453 501 3516 ineptias
527 3457 554 3502 et
575 3453 747 3517 puerilitates
763 3456 893 3514 tanquam
911 3453 1039 3516 contagio
1057 3457 1164 3516 pertra-

102 3539 218 3601 huntur,
234 3542 398 3605 gravitatem
418 3556 449 3591 ac
470 3542 689 3591 moderationem
705 3555 814 3592 ornnem
829 3542 975 3604 amittunt,
994 3545 1021 3592 et
1040 3542 1106 3590 dum
1120 3542 1165 3591 in-

103 3629 168 3678 vitia
183 3645 341 3694 ¹puerorum
364 3636 503 3694 coguntur
523 3631 759 3694 animadvertere,
780 3645 851 3694 quae
878 3635 943 3680 sunt
966 3631 1112 3680 innumera
1138 3636 1166 3682 et

103 3720 218 3769 subinde
242 3721 426 3780 renascentia,
450 3735 501 3770 nec
520 3735 552 3770 ea
572 3722 730 3770 stomachus
752 3721 841 3771 virilis
862 3725 954 3784 potest
976 3734 1165 3786 concoquere,

103 3814 237 3871 coguntur
253 3824 340 3874 prope
356 3810 463 3860 saevire
479 3815 561 3873 atque
576 3811 697 3869 efferari,
710 3815 737 3860 et
751 3811 780 3858 in
792 3810 860 3859 illud
876 3823 927 3859 ceu
948 3810 1095 3873 pistrinum
1116 3810 1165 3860 de-

102 3898 184 3960 trusi,
208 3900 347 3948 communi
367 3913 451 3948 sensu
473 3901 589 3949 multum
610 3889 791 3959 minuuntur;
812 3899 886 3948 unde
902 3913 1001 3962 magna
1015 3899 1044 3947 in
1057 3899 1167 3948 illorum
1273 3893 1276 3900 ’

102 3986 157 4036 vita
172 3991 200 4037 et
214 3988 417 4038 consuetudine
433 3989 529 4039 existit
547 3989 692 4038 difficultas
710 4003 816 4038 morum
835 3993 917 4051 atque
932 3987 1164 4037 incommoditas:

103 4075 200 4127 festivo
215 4078 261 4139 qui
278 4077 349 4126 dixit
367 4078 523 4126 mirandum
540 4093 596 4127 non
614 4093 675 4128 esse
693 4077 893 4128 Grammaticos
910 4077 945 4127 iis
965 4092 1026 4127 esse
1043 4076 1166 4125 moribus

103 4179 171 4226 quos
187 4181 202 4215 a
219 4168 308 4230 primo
324 4167 416 4216 statim
432 4167 545 4217 Homeri
559 4181 644 4218 versu
659 4168 769 4217 trahant
785 4181 790 4216 :

349 4321 427 4379 Μῆνιν
440 4319 507 4369 ἄειδε
522 4319 589 4381 θεά,
603 4323 655 4369 etc.

676 4409 722 4472 (De
740 4411 833 4469 Tuam,
848 4409 896 4460 lib.
912 4407 960 4467 111,
977 4421 1000 4458 c.
1016 4405 1057 4470 ΙΙ.)

22 4461 24 4482 ι
132 4496 165 4560 (3)
182 4500 348 4548 licitatione
363 4501 453 4548 studii
466 4501 597 4559 puerilis,
614 4498 660 4548 11¹.
