<?xml version="1.0" encoding="UTF-8"?>
<!DOCTYPE html PUBLIC "-//W3C//DTD XHTML 1.0 Transitional//EN"
    "http://www.w3.org/TR/xhtml1/DTD/xhtml1-transitional.dtd">
<html xmlns="http://www.w3.org/1999/xhtml" xml:lang="en" lang="en">
 <head>
  <title>
</title>
<meta http-equiv="Content-Type" content="text/html;charset=utf-8" />
  <meta name='ocr-system' content='tesseract 3.04.00' />
  <meta name='ocr-capabilities' content='ocr_page ocr_carea ocr_par ocr_line ocrx_word'/>
</head>
<body>
  <div class='ocr_page' id='page_1' title='image "./quiddepuerisins00arnagoog_0069.png"; bbox 0 0 3284 5480; ppageno 0'>
   <div class='ocr_carea' id='block_1_1' title="bbox 539 637 698 700">
    <p class='ocr_par' dir='ltr' id='par_1_1' title="bbox 539 637 698 700">
     <span class='ocr_line' id='line_1_1' title="bbox 539 637 698 700; baseline 0 -16"><span class='ocrx_word' id='word_1_1' title='bbox 539 637 698 700; x_wconf 77' lang='lat'>..59-</span> 
     </span>
    </p>
   </div>
   <div class='ocr_carea' id='block_1_2' title="bbox 74 775 1152 2989">
    <p class='ocr_par' dir='ltr' id='par_1_2' title="bbox 74 775 1152 2989">
     <span class='ocr_line' id='line_1_2' title="bbox 74 775 1150 868; baseline -0.005 -18"><span class='ocrx_word' id='word_1_2' title='bbox 74 778 141 868; x_wconf 89' lang='lat' dir='ltr'>jus</span> <span class='ocrx_word' id='word_1_3' title='bbox 165 777 313 850; x_wconf 87' lang='lat' dir='ltr'>abiisse.</span> <span class='ocrx_word' id='word_1_4' title='bbox 335 779 479 850; x_wconf 78' lang='lat' dir='ltr'><strong>Veteres</strong></span> <span class='ocrx_word' id='word_1_5' title='bbox 499 777 627 850; x_wconf 87' lang='lat' dir='ltr'>Donati</span> <span class='ocrx_word' id='word_1_6' title='bbox 652 795 693 849; x_wconf 89' lang='lat' dir='ltr'>ae</span> <span class='ocrx_word' id='word_1_7' title='bbox 713 775 886 848; x_wconf 79' lang='lat' dir='ltr'>Prisciani</span> <span class='ocrx_word' id='word_1_8' title='bbox 910 776 993 849; x_wconf 89' lang='lat' dir='ltr'>libri</span> <span class='ocrx_word' id='word_1_9' title='bbox 1023 775 1150 848; x_wconf 81' lang='lat' dir='ltr'><strong>semoti</strong></span> 
     </span>
     <span class='ocr_line' id='line_1_3' title="bbox 76 898 1149 994; baseline -0.004 -20"><span class='ocrx_word' id='word_1_10' title='bbox 76 902 228 994; x_wconf 32' lang='lat' dir='ltr'>fuerant,</span> <span class='ocrx_word' id='word_1_11' title='bbox 253 909 292 974; x_wconf 90' lang='lat' dir='ltr'>ut</span> <span class='ocrx_word' id='word_1_12' title='bbox 318 901 554 993; x_wconf 80' lang='lat' dir='ltr'>simpliciores</span> <span class='ocrx_word' id='word_1_13' title='bbox 574 920 615 974; x_wconf 90' lang='lat' dir='ltr'>ae</span> <span class='ocrx_word' id='word_1_14' title='bbox 637 902 777 974; x_wconf 88' lang='lat' dir='ltr'>nullum</span> <span class='ocrx_word' id='word_1_15' title='bbox 801 909 1011 993; x_wconf 91' lang='lat' dir='ltr'>apparatum</span> <span class='ocrx_word' id='word_1_16' title='bbox 1030 898 1149 990; x_wconf 88' lang='lat' dir='ltr'>philo·</span> 
     </span>
     <span class='ocr_line' id='line_1_4' title="bbox 79 1022 1152 1119; baseline 0 -20"><span class='ocrx_word' id='word_1_17' title='bbox 79 1028 274 1119; x_wconf 87' lang='lat' dir='ltr'>soplricum</span> <span class='ocrx_word' id='word_1_18' title='bbox 305 1044 391 1118; x_wconf 90' lang='lat' dir='ltr'>prae</span> <span class='ocrx_word' id='word_1_19' title='bbox 419 1045 458 1100; x_wconf 94' lang='lat' dir='ltr'>se</span> <span class='ocrx_word' id='word_1_20' title='bbox 489 1027 643 1100; x_wconf 84' lang='lat' dir='ltr'>ferentes</span> <span class='ocrx_word' id='word_1_21' title='bbox 670 1051 678 1098; x_wconf 77' lang='grc' dir='ltr'><strong>ε</strong></span> <span class='ocrx_word' id='word_1_22' title='bbox 710 1027 914 1099; x_wconf 83' lang='lat' dir='ltr'>Priscianus</span> <span class='ocrx_word' id='word_1_23' title='bbox 943 1046 1017 1099; x_wconf 91' lang='lat' dir='ltr'>non</span> <span class='ocrx_word' id='word_1_24' title='bbox 1048 1022 1152 1099; x_wconf 88' lang='lat' dir='ltr'>docet</span> 
     </span>
     <span class='ocr_line' id='line_1_5' title="bbox 78 1151 1151 1243; baseline 0 -22"><span class='ocrx_word' id='word_1_25' title='bbox 78 1152 370 1243; x_wconf 89' lang='lat' dir='ltr'>grammaticam,</span> <span class='ocrx_word' id='word_1_26' title='bbox 398 1152 517 1225; x_wconf 87' lang='lat' dir='ltr'>aiebat</span> <span class='ocrx_word' id='word_1_27' title='bbox 543 1171 638 1225; x_wconf 90' lang='lat' dir='ltr'>unus</span> <span class='ocrx_word' id='word_1_28' title='bbox 666 1171 708 1226; x_wconf 85' lang='lat' dir='ltr'>ex</span> <span class='ocrx_word' id='word_1_29' title='bbox 743 1151 849 1224; x_wconf 92' lang='lat' dir='ltr'>istius</span> <span class='ocrx_word' id='word_1_30' title='bbox 877 1151 1003 1224; x_wconf 88' lang='lat' dir='ltr'>aetatis</span> <span class='ocrx_word' id='word_1_31' title='bbox 1035 1169 1151 1243; x_wconf 92' lang='lat' dir='ltr'>gram·</span> 
     </span>
     <span class='ocr_line' id='line_1_6' title="bbox 81 1275 1145 1371; baseline -0.003 -26"><span class='ocrx_word' id='word_1_32' title='bbox 81 1275 245 1371; x_wconf 84' lang='lat' dir='ltr'>matiois,</span> <span class='ocrx_word' id='word_1_33' title='bbox 269 1295 367 1367; x_wconf 90' lang='lat' dir='ltr'>‹per</span> <span class='ocrx_word' id='word_1_34' title='bbox 386 1294 529 1348; x_wconf 90' lang='lat' dir='ltr'>omnem</span> <span class='ocrx_word' id='word_1_35' title='bbox 550 1276 696 1349; x_wconf 93' lang='lat' dir='ltr'>modum</span> <span class='ocrx_word' id='word_1_36' title='bbox 714 1276 849 1348; x_wconf 91' lang='lat' dir='ltr'>sciendi</span> <span class='ocrx_word' id='word_1_37' title='bbox 871 1275 1108 1368; x_wconf 90' lang='lat' dir='ltr'>possibilem:</span> <span class='ocrx_word' id='word_1_38' title='bbox 1129 1302 1145 1339; x_wconf 82' lang='lat'><strong>›</strong></span> 
     </span>
     <span class='ocr_line' id='line_1_7' title="bbox 80 1399 1151 1492; baseline 0.001 -23"><span class='ocrx_word' id='word_1_39' title='bbox 80 1399 197 1470; x_wconf 87' lang='lat' dir='ltr'>Usum</span> <span class='ocrx_word' id='word_1_40' title='bbox 225 1401 411 1492; x_wconf 80' lang='lat' dir='ltr'>exprimit,</span> <span class='ocrx_word' id='word_1_41' title='bbox 433 1400 497 1472; x_wconf 89' lang='lat' dir='ltr'>sed</span> <span class='ocrx_word' id='word_1_42' title='bbox 529 1427 543 1463; x_wconf 68' lang='lat' dir='ltr'>a</span> <span class='ocrx_word' id='word_1_43' title='bbox 569 1419 695 1472; x_wconf 89' lang='lat' dir='ltr'>causas</span> <span class='ocrx_word' id='word_1_44' title='bbox 723 1418 796 1472; x_wconf 93' lang='lat' dir='ltr'>non</span> <span class='ocrx_word' id='word_1_45' title='bbox 817 1400 1022 1492; x_wconf 86' lang='lat' dir='ltr'>assignat...</span> <span class='ocrx_word' id='word_1_46' title='bbox 1044 1418 1151 1492; x_wconf 92' lang='lat' dir='ltr'>prop·</span> 
     </span>
     <span class='ocr_line' id='line_1_8' title="bbox 79 1524 1152 1615; baseline -0.002 -18"><span class='ocrx_word' id='word_1_47' title='bbox 79 1532 137 1597; x_wconf 91' lang='lat' dir='ltr'>ter</span> <span class='ocrx_word' id='word_1_48' title='bbox 155 1525 253 1614; x_wconf 91' lang='lat' dir='ltr'>quod</span> <span class='ocrx_word' id='word_1_49' title='bbox 273 1543 346 1596; x_wconf 91' lang='lat' dir='ltr'>non</span> <span class='ocrx_word' id='word_1_50' title='bbox 367 1524 487 1614; x_wconf 91' lang='lat' dir='ltr'>docet,</span> <span class='ocrx_word' id='word_1_51' title='bbox 506 1526 592 1615; x_wconf 90' lang='lat' dir='ltr'>quia</span> <span class='ocrx_word' id='word_1_52' title='bbox 611 1525 663 1596; x_wconf 93' lang='lat' dir='ltr'>illi</span> <span class='ocrx_word' id='word_1_53' title='bbox 684 1532 822 1597; x_wconf 83' lang='lat' dir='ltr'>tantum</span> <span class='ocrx_word' id='word_1_54' title='bbox 843 1525 972 1597; x_wconf 90' lang='lat' dir='ltr'>docent</span> <span class='ocrx_word' id='word_1_55' title='bbox 990 1524 1052 1615; x_wconf 90' lang='lat' dir='ltr'>qui</span> <span class='ocrx_word' id='word_1_56' title='bbox 1073 1544 1152 1596; x_wconf 88' lang='lat' dir='ltr'>cau·</span> 
     </span>
     <span class='ocr_line' id='line_1_9' title="bbox 80 1645 1152 1742; baseline 0 -21"><span class='ocrx_word' id='word_1_57' title='bbox 80 1668 142 1721; x_wconf 86' lang='lat' dir='ltr'>sas</span> <span class='ocrx_word' id='word_1_58' title='bbox 164 1649 350 1740; x_wconf 88' lang='lat' dir='ltr'>assignant</span> <span class='ocrx_word' id='word_1_59' title='bbox 369 1645 437 1742; x_wconf 86' lang='lat' dir='ltr'>(l).</span> <span class='ocrx_word' id='word_1_60' title='bbox 461 1676 477 1714; x_wconf 73' lang='grc' dir='ltr'><strong>ι</strong></span> <span class='ocrx_word' id='word_1_61' title='bbox 501 1650 625 1739; x_wconf 86' lang='lat' dir='ltr'>ltaque</span> <span class='ocrx_word' id='word_1_62' title='bbox 644 1648 687 1720; x_wconf 92' lang='lat' dir='ltr'>ad</span> <span class='ocrx_word' id='word_1_63' title='bbox 710 1668 835 1722; x_wconf 86' lang='lat' dir='ltr'>causas</span> <span class='ocrx_word' id='word_1_64' title='bbox 856 1648 1092 1740; x_wconf 89' lang='lat' dir='ltr'>assignandas</span> <span class='ocrx_word' id='word_1_65' title='bbox 1113 1667 1152 1722; x_wconf 92' lang='lat' dir='ltr'>se</span> 
     </span>
     <span class='ocr_line' id='line_1_10' title="bbox 79 1751 1151 1864; baseline 0.001 -20"><span class='ocrx_word' id='word_1_66' title='bbox 79 1779 179 1844; x_wconf 88' lang='lat' dir='ltr'>totos</span> <span class='ocrx_word' id='word_1_67' title='bbox 198 1772 374 1845; x_wconf 88' lang='lat' dir='ltr'>dederunt</span> <span class='ocrx_word' id='word_1_68' title='bbox 393 1773 634 1864; x_wconf 78' lang='lat' dir='ltr'>grammatici,</span> <span class='ocrx_word' id='word_1_69' title='bbox 658 1751 792 1863; x_wconf 85' lang='lat' dir='ltr'>easque</span> <span class='ocrx_word' id='word_1_70' title='bbox 812 1773 849 1844; x_wconf 92' lang='lat' dir='ltr'>in</span> <span class='ocrx_word' id='word_1_71' title='bbox 865 1773 998 1856; x_wconf 87' lang='lat' dir='ltr'>lorma,</span> <span class='ocrx_word' id='word_1_72' title='bbox 1019 1792 1061 1845; x_wconf 78' lang='lat' dir='ltr'>ex</span> <span class='ocrx_word' id='word_1_73' title='bbox 1079 1772 1151 1845; x_wconf 90' lang='lat' dir='ltr'>dia·</span> 
     </span>
     <span class='ocr_line' id='line_1_11' title="bbox 78 1897 1152 1989; baseline -0.001 -19"><span class='ocrx_word' id='word_1_74' title='bbox 78 1898 207 1970; x_wconf 84' lang='lat' dir='ltr'>lectica</span> <span class='ocrx_word' id='word_1_75' title='bbox 218 1905 374 1989; x_wconf 89' lang='lat' dir='ltr'>sumpta,</span> <span class='ocrx_word' id='word_1_76' title='bbox 390 1906 649 1989; x_wconf 82' lang='lat' dir='ltr'>exposuerunt.</span> <span class='ocrx_word' id='word_1_77' title='bbox 670 1900 736 1970; x_wconf 84' lang='lat' dir='ltr'>Per</span> <span class='ocrx_word' id='word_1_78' title='bbox 753 1925 768 1962; x_wconf 85' lang='lat'><strong>‹</strong></span> <span class='ocrx_word' id='word_1_79' title='bbox 785 1897 1037 1970; x_wconf 85' lang='lat' dir='ltr'>definitionum</span> <span class='ocrx_word' id='word_1_80' title='bbox 1054 1905 1088 1971; x_wconf 93' lang='lat' dir='ltr'>et</span> <span class='ocrx_word' id='word_1_81' title='bbox 1100 1898 1152 1970; x_wconf 93' lang='lat' dir='ltr'>di-</span> 
     </span>
     <span class='ocr_line' id='line_1_12' title="bbox 80 2021 1151 2114; baseline 0 -21"><span class='ocrx_word' id='word_1_82' title='bbox 80 2021 262 2094; x_wconf 86' lang='lat' dir='ltr'>visionum</span> <span class='ocrx_word' id='word_1_83' title='bbox 281 2023 452 2104; x_wconf 88' lang='lat' dir='ltr'>ratioues,</span> <span class='ocrx_word' id='word_1_84' title='bbox 473 2023 813 2114; x_wconf 82' lang='lat' dir='ltr'>argumentationes,</span> <span class='ocrx_word' id='word_1_85' title='bbox 833 2023 1018 2113; x_wconf 85' lang='lat' dir='ltr'>majorem,</span> <span class='ocrx_word' id='word_1_86' title='bbox 1036 2021 1151 2094; x_wconf 92' lang='lat' dir='ltr'>mino·</span> 
     </span>
     <span class='ocr_line' id='line_1_13' title="bbox 80 2144 1148 2242; baseline 0.002 -24"><span class='ocrx_word' id='word_1_87' title='bbox 80 2166 178 2229; x_wconf 89' lang='lat' dir='ltr'>rem,</span> <span class='ocrx_word' id='word_1_88' title='bbox 205 2149 480 2239; x_wconf 88' lang='lat' dir='ltr'>consequentias</span> <span class='ocrx_word' id='word_1_89' title='bbox 506 2144 576 2242; x_wconf 71' lang='lat' dir='ltr'>(i),</span> <span class='ocrx_word' id='word_1_90' title='bbox 602 2174 617 2211; x_wconf 82' lang='lat'>›</span> <span class='ocrx_word' id='word_1_91' title='bbox 644 2167 771 2220; x_wconf 88' lang='lat' dir='ltr'>causas</span> <span class='ocrx_word' id='word_1_92' title='bbox 791 2149 1065 2239; x_wconf 88' lang='lat' dir='ltr'>quaesiverunt,</span> <span class='ocrx_word' id='word_1_93' title='bbox 1094 2155 1148 2229; x_wconf 90' lang='lat' dir='ltr'>et,</span> 
     </span>
     <span class='ocr_line' id='line_1_14' title="bbox 80 2272 1152 2364; baseline 0 -19"><span class='ocrx_word' id='word_1_94' title='bbox 80 2272 182 2363; x_wconf 93' lang='lat' dir='ltr'>quod</span> <span class='ocrx_word' id='word_1_95' title='bbox 202 2273 403 2344; x_wconf 87' lang='lat' dir='ltr'>mirabilius</span> <span class='ocrx_word' id='word_1_96' title='bbox 419 2282 486 2356; x_wconf 91' lang='lat' dir='ltr'>est,</span> <span class='ocrx_word' id='word_1_97' title='bbox 502 2292 540 2345; x_wconf 88' lang='lat' dir='ltr'>se</span> <span class='ocrx_word' id='word_1_98' title='bbox 556 2273 739 2345; x_wconf 89' lang='lat' dir='ltr'>invenisse</span> <span class='ocrx_word' id='word_1_99' title='bbox 755 2272 983 2345; x_wconf 88' lang='lat' dir='ltr'>crediderunt</span> <span class='ocrx_word' id='word_1_100' title='bbox 1002 2292 1064 2345; x_wconf 90' lang='lat' dir='ltr'>our</span> <span class='ocrx_word' id='word_1_101' title='bbox 1084 2274 1152 2364; x_wconf 83' lang='lat' dir='ltr'>hoo</span> 
     </span>
     <span class='ocr_line' id='line_1_15' title="bbox 80 2398 1148 2481; baseline 0.001 -13"><span class='ocrx_word' id='word_1_102' title='bbox 80 2415 216 2469; x_wconf 90' lang='lat' dir='ltr'>nomen</span> <span class='ocrx_word' id='word_1_103' title='bbox 237 2398 476 2470; x_wconf 88' lang='lat' dir='ltr'>masculinum</span> <span class='ocrx_word' id='word_1_104' title='bbox 497 2406 605 2481; x_wconf 90' lang='lat' dir='ltr'>esset,</span> <span class='ocrx_word' id='word_1_105' title='bbox 617 2398 709 2470; x_wconf 94' lang='lat' dir='ltr'>illud</span> <span class='ocrx_word' id='word_1_106' title='bbox 724 2405 905 2481; x_wconf 88' lang='lat' dir='ltr'>neutrum,</span> <span class='ocrx_word' id='word_1_107' title='bbox 920 2400 987 2471; x_wconf 88' lang='lat' dir='ltr'>hoe</span> <span class='ocrx_word' id='word_1_108' title='bbox 1003 2399 1148 2470; x_wconf 85' lang='lat' dir='ltr'>verbum</span> 
     </span>
     <span class='ocr_line' id='line_1_16' title="bbox 80 2522 1150 2614; baseline 0.002 -20"><span class='ocrx_word' id='word_1_109' title='bbox 80 2522 289 2614; x_wconf 84' lang='lat' dir='ltr'>deponens,</span> <span class='ocrx_word' id='word_1_110' title='bbox 316 2524 406 2597; x_wconf 92' lang='lat' dir='ltr'>illud</span> <span class='ocrx_word' id='word_1_111' title='bbox 433 2527 600 2597; x_wconf 87' lang='lat' dir='ltr'>activum.</span> <span class='ocrx_word' id='word_1_112' title='bbox 626 2525 736 2613; x_wconf 78' lang='lat' dir='ltr'>Cuius</span> <span class='ocrx_word' id='word_1_113' title='bbox 764 2524 946 2597; x_wconf 89' lang='lat' dir='ltr'>doctrinae</span> <span class='ocrx_word' id='word_1_114' title='bbox 973 2525 1061 2596; x_wconf 88' lang='lat' dir='ltr'>haec</span> <span class='ocrx_word' id='word_1_115' title='bbox 1079 2524 1150 2596; x_wconf 95' lang='lat' dir='ltr'>duo</span> 
     </span>
     <span class='ocr_line' id='line_1_17' title="bbox 80 2647 1150 2739; baseline 0.001 -21"><span class='ocrx_word' id='word_1_116' title='bbox 80 2647 210 2719; x_wconf 87' lang='lat' dir='ltr'>alierre</span> <span class='ocrx_word' id='word_1_117' title='bbox 236 2649 399 2738; x_wconf 83' lang='lat' dir='ltr'>exempla</span> <span class='ocrx_word' id='word_1_118' title='bbox 416 2649 530 2734; x_wconf 88' lang='lat' dir='ltr'>liceat</span> <span class='ocrx_word' id='word_1_119' title='bbox 556 2674 565 2720; x_wconf 88' lang='lat'><strong>:</strong></span> <span class='ocrx_word' id='word_1_120' title='bbox 596 2652 630 2719; x_wconf 88' lang='lat' dir='ltr'>l⁰</span> <span class='ocrx_word' id='word_1_121' title='bbox 658 2649 847 2736; x_wconf 83' lang='lat' dir='ltr'>Quaeritur</span> <span class='ocrx_word' id='word_1_122' title='bbox 871 2668 982 2739; x_wconf 88' lang='lat' dir='ltr'>quere</span> <span class='ocrx_word' id='word_1_123' title='bbox 1010 2650 1150 2720; x_wconf 91' lang='lat' dir='ltr'>nullum</span> 
     </span>
     <span class='ocr_line' id='line_1_18' title="bbox 81 2773 1147 2865; baseline 0.002 -23"><span class='ocrx_word' id='word_1_124' title='bbox 81 2789 216 2843; x_wconf 89' lang='lat' dir='ltr'>nomen</span> <span class='ocrx_word' id='word_1_125' title='bbox 241 2773 388 2863; x_wconf 90' lang='lat' dir='ltr'>quintae</span> <span class='ocrx_word' id='word_1_126' title='bbox 419 2773 670 2846; x_wconf 88' lang='lat' dir='ltr'>declinationis</span> <span class='ocrx_word' id='word_1_127' title='bbox 697 2775 887 2846; x_wconf 84' lang='lat' dir='ltr'>masculini</span> <span class='ocrx_word' id='word_1_128' title='bbox 910 2774 957 2846; x_wconf 88' lang='lat' dir='ltr'>sit</span> <span class='ocrx_word' id='word_1_129' title='bbox 976 2774 1147 2865; x_wconf 89' lang='lat' dir='ltr'>generis:</span> 
     </span>
     <span class='ocr_line' id='line_1_19' title="bbox 87 2895 1151 2989; baseline 0.002 -21"><span class='ocrx_word' id='word_1_130' title='bbox 87 2922 102 2959; x_wconf 76' lang='grc' dir='ltr'>ι</span> <span class='ocrx_word' id='word_1_131' title='bbox 131 2895 188 2968; x_wconf 81' lang='lat' dir='ltr'>Ad</span> <span class='ocrx_word' id='word_1_132' title='bbox 216 2897 282 2969; x_wconf 88' lang='lat' dir='ltr'>hoc</span> <span class='ocrx_word' id='word_1_133' title='bbox 311 2897 407 2979; x_wconf 88' lang='lat' dir='ltr'>dico,</span> <span class='ocrx_word' id='word_1_134' title='bbox 436 2898 622 2989; x_wconf 90' lang='lat' dir='ltr'>respondit</span> <span class='ocrx_word' id='word_1_135' title='bbox 648 2901 804 2971; x_wconf 87' lang='lat' dir='ltr'>loannes</span> <span class='ocrx_word' id='word_1_136' title='bbox 831 2897 875 2970; x_wconf 93' lang='lat' dir='ltr'>de</span> <span class='ocrx_word' id='word_1_137' title='bbox 898 2901 1029 2981; x_wconf 83' lang='lat' dir='ltr'>lanua,</span> <span class='ocrx_word' id='word_1_138' title='bbox 1053 2898 1151 2988; x_wconf 91' lang='lat' dir='ltr'>quod</span> 
     </span>
    </p>
   </div>
   <div class='ocr_carea' id='block_1_3' title="bbox 81 3019 1255 3115">
    <p class='ocr_par' dir='ltr' id='par_1_3' title="bbox 81 3019 1255 3115">
     <span class='ocr_line' id='line_1_20' title="bbox 81 3019 1255 3115; baseline 0.002 -25"><span class='ocrx_word' id='word_1_139' title='bbox 81 3019 163 3093; x_wconf 89' lang='lat' dir='ltr'>ideo</span> <span class='ocrx_word' id='word_1_140' title='bbox 191 3022 339 3092; x_wconf 88' lang='lat' dir='ltr'>nomina</span> <span class='ocrx_word' id='word_1_141' title='bbox 364 3023 511 3113; x_wconf 84' lang='lat' dir='ltr'>quintae</span> <span class='ocrx_word' id='word_1_142' title='bbox 535 3023 788 3096; x_wconf 87' lang='lat' dir='ltr'>declinationis</span> <span class='ocrx_word' id='word_1_143' title='bbox 808 3031 892 3095; x_wconf 92' lang='lat' dir='ltr'>sunt</span> <span class='ocrx_word' id='word_1_144' title='bbox 913 3023 1025 3115; x_wconf 89' lang='lat' dir='ltr'>magis</span> <span class='ocrx_word' id='word_1_145' title='bbox 1051 3022 1150 3095; x_wconf 88' lang='lat' dir='ltr'>lemi-</span> <span class='ocrx_word' id='word_1_146' title='bbox 1252 3057 1255 3066; x_wconf 88' lang='lat'><em>.</em></span> 
     </span>
    </p>
   </div>
   <div class='ocr_carea' id='block_1_4' title="bbox 80 3145 1150 3987">
    <p class='ocr_par' dir='ltr' id='par_1_4' title="bbox 80 3145 1150 3987">
     <span class='ocr_line' id='line_1_21' title="bbox 82 3145 1150 3238; baseline 0.002 -24"><span class='ocrx_word' id='word_1_147' title='bbox 82 3145 160 3215; x_wconf 92' lang='lat' dir='ltr'>nini</span> <span class='ocrx_word' id='word_1_148' title='bbox 188 3146 327 3235; x_wconf 90' lang='lat' dir='ltr'>generis</span> <span class='ocrx_word' id='word_1_149' title='bbox 349 3166 456 3237; x_wconf 89' lang='lat' dir='ltr'>quem</span> <span class='ocrx_word' id='word_1_150' title='bbox 481 3147 690 3230; x_wconf 89' lang='lat' dir='ltr'>masculini,</span> <span class='ocrx_word' id='word_1_151' title='bbox 713 3149 798 3237; x_wconf 89' lang='lat' dir='ltr'>quia</span> <span class='ocrx_word' id='word_1_152' title='bbox 818 3148 972 3238; x_wconf 88' lang='lat' dir='ltr'>qualitas</span> <span class='ocrx_word' id='word_1_153' title='bbox 993 3147 1087 3218; x_wconf 91' lang='lat' dir='ltr'>vocis</span> <span class='ocrx_word' id='word_1_154' title='bbox 1108 3147 1150 3217; x_wconf 92' lang='lat' dir='ltr'>il·</span> 
     </span>
     <span class='ocr_line' id='line_1_22' title="bbox 82 3268 1149 3362; baseline 0.003 -24"><span class='ocrx_word' id='word_1_155' title='bbox 82 3268 152 3341; x_wconf 89' lang='lat' dir='ltr'>lius</span> <span class='ocrx_word' id='word_1_156' title='bbox 180 3268 431 3342; x_wconf 83' lang='lat' dir='ltr'>declinationis</span> <span class='ocrx_word' id='word_1_157' title='bbox 458 3271 649 3362; x_wconf 88' lang='lat' dir='ltr'>quamdam</span> <span class='ocrx_word' id='word_1_158' title='bbox 672 3280 835 3343; x_wconf 88' lang='lat' dir='ltr'>naturam</span> <span class='ocrx_word' id='word_1_159' title='bbox 857 3271 1020 3343; x_wconf 79' lang='lat' dir='ltr'>feminini</span> <span class='ocrx_word' id='word_1_160' title='bbox 1042 3289 1149 3342; x_wconf 86' lang='lat' dir='ltr'>sexus</span> 
     </span>
     <span class='ocr_line' id='line_1_23' title="bbox 81 3395 1149 3487; baseline 0.002 -23"><span class='ocrx_word' id='word_1_161' title='bbox 81 3395 252 3486; x_wconf 88' lang='lat' dir='ltr'>importat</span> <span class='ocrx_word' id='word_1_162' title='bbox 281 3402 424 3486; x_wconf 90' lang='lat' dir='ltr'>prepter</span> <span class='ocrx_word' id='word_1_163' title='bbox 448 3395 659 3468; x_wconf 91' lang='lat' dir='ltr'>divisionem</span> <span class='ocrx_word' id='word_1_164' title='bbox 688 3416 796 3486; x_wconf 87' lang='lat' dir='ltr'>quam</span> <span class='ocrx_word' id='word_1_165' title='bbox 822 3397 904 3468; x_wconf 87' lang='lat' dir='ltr'>iacit</span> <span class='ocrx_word' id='word_1_166' title='bbox 930 3397 966 3468; x_wconf 90' lang='lat' dir='ltr'>io</span> <span class='ocrx_word' id='word_1_167' title='bbox 996 3396 1149 3487; x_wconf 88' lang='lat' dir='ltr'>genitivo</span> 
     </span>
     <span class='ocr_line' id='line_1_24' title="bbox 80 3519 1149 3611; baseline 0.002 -21"><span class='ocrx_word' id='word_1_168' title='bbox 80 3527 114 3592; x_wconf 91' lang='lat' dir='ltr'>et</span> <span class='ocrx_word' id='word_1_169' title='bbox 135 3519 274 3602; x_wconf 90' lang='lat' dir='ltr'>dativo,</span> <span class='ocrx_word' id='word_1_170' title='bbox 295 3519 381 3609; x_wconf 90' lang='lat' dir='ltr'>quia</span> <span class='ocrx_word' id='word_1_171' title='bbox 400 3521 576 3611; x_wconf 82' lang='lat' dir='ltr'>genitivus</span> <span class='ocrx_word' id='word_1_172' title='bbox 597 3529 631 3594; x_wconf 92' lang='lat' dir='ltr'>et</span> <span class='ocrx_word' id='word_1_173' title='bbox 651 3521 790 3593; x_wconf 88' lang='lat' dir='ltr'>dativus</span> <span class='ocrx_word' id='word_1_174' title='bbox 819 3521 918 3592; x_wconf 92' lang='lat' dir='ltr'>illius</span> <span class='ocrx_word' id='word_1_175' title='bbox 942 3520 1149 3610; x_wconf 88' lang='lat' dir='ltr'>declinatio·</span> 
     </span>
     <span class='ocr_line' id='line_1_25' title="bbox 82 3636 1149 3738; baseline 0.001 -24"><span class='ocrx_word' id='word_1_176' title='bbox 82 3645 138 3716; x_wconf 90' lang='lat' dir='ltr'>nis</span> <span class='ocrx_word' id='word_1_177' title='bbox 163 3643 298 3716; x_wconf 90' lang='lat' dir='ltr'>desinit</span> <span class='ocrx_word' id='word_1_178' title='bbox 323 3645 362 3715; x_wconf 93' lang='lat' dir='ltr'>in</span> <span class='ocrx_word' id='word_1_179' title='bbox 392 3643 439 3714; x_wconf 78' lang='lat' dir='ltr'>ei</span> <span class='ocrx_word' id='word_1_180' title='bbox 461 3645 593 3718; x_wconf 88' lang='lat' dir='ltr'>divisas</span> <span class='ocrx_word' id='word_1_181' title='bbox 623 3646 792 3738; x_wconf 87' lang='lat' dir='ltr'>syllabas.</span> <span class='ocrx_word' id='word_1_182' title='bbox 816 3648 864 3718; x_wconf 79' lang='lat' dir='ltr'>Ac</span> <span class='ocrx_word' id='word_1_183' title='bbox 892 3636 1021 3717; x_wconf 90' lang='lat' dir='ltr'>divisio</span> <span class='ocrx_word' id='word_1_184' title='bbox 1049 3644 1149 3717; x_wconf 85' lang='lat' dir='ltr'>lemi-</span> 
     </span>
     <span class='ocr_line' id='line_1_26' title="bbox 82 3767 1149 3864; baseline 0.005 -26"><span class='ocrx_word' id='word_1_185' title='bbox 82 3767 170 3839; x_wconf 92' lang='lat' dir='ltr'>nino</span> <span class='ocrx_word' id='word_1_186' title='bbox 199 3787 286 3840; x_wconf 85' lang='lat' dir='ltr'>sexu</span> <span class='ocrx_word' id='word_1_187' title='bbox 314 3770 479 3841; x_wconf 87' lang='lat' dir='ltr'>convenit</span> <span class='ocrx_word' id='word_1_188' title='bbox 507 3778 651 3862; x_wconf 90' lang='lat' dir='ltr'>propter</span> <span class='ocrx_word' id='word_1_189' title='bbox 679 3772 930 3844; x_wconf 82' lang='lat' dir='ltr'>fecunditatem</span> <span class='ocrx_word' id='word_1_190' title='bbox 962 3767 1027 3864; x_wconf 84' lang='lat'>().</span> <span class='ocrx_word' id='word_1_191' title='bbox 1057 3799 1071 3834; x_wconf 76' lang='lat' dir='ltr'>v</span> <span class='ocrx_word' id='word_1_192' title='bbox 1101 3811 1149 3822; x_wconf 94' lang='lat'><em>-</em></span> 
     </span>
     <span class='ocr_line' id='line_1_27' title="bbox 83 3893 1146 3987; baseline 0.003 -25"><span class='ocrx_word' id='word_1_193' title='bbox 83 3893 119 3962; x_wconf 75' lang='lat'>2⁰</span> <span class='ocrx_word' id='word_1_194' title='bbox 143 3893 296 3965; x_wconf 80' lang='lat' dir='ltr'>«Omne</span> <span class='ocrx_word' id='word_1_195' title='bbox 322 3895 549 3984; x_wconf 85' lang='lat' dir='ltr'>participium</span> <span class='ocrx_word' id='word_1_196' title='bbox 574 3896 755 3987; x_wconf 89' lang='lat' dir='ltr'>praeteriti</span> <span class='ocrx_word' id='word_1_197' title='bbox 783 3897 953 3987; x_wconf 91' lang='lat' dir='ltr'>temperis</span> <span class='ocrx_word' id='word_1_198' title='bbox 978 3901 1007 3977; x_wconf 84' lang='lat' dir='ltr'>t,</span> <span class='ocrx_word' id='word_1_199' title='bbox 1029 3897 1084 3968; x_wconf 94' lang='lat' dir='ltr'>vel</span> <span class='ocrx_word' id='word_1_200' title='bbox 1101 3917 1146 3977; x_wconf 81' lang='lat' dir='ltr'>oc,</span> 
     </span>
    </p>
   </div>
   <div class='ocr_carea' id='block_1_5' title="bbox 84 4129 1147 4476">
    <p class='ocr_par' dir='ltr' id='par_1_5' title="bbox 113 4129 630 4211">
     <span class='ocr_line' id='line_1_28' title="bbox 113 4129 630 4211; baseline 0.006 -18"><span class='ocrx_word' id='word_1_201' title='bbox 113 4145 146 4209; x_wconf 87' lang='lat'>(1)</span> <span class='ocrx_word' id='word_1_202' title='bbox 161 4149 274 4194; x_wconf 85' lang='lat' dir='ltr'>Notioes</span> <span class='ocrx_word' id='word_1_203' title='bbox 289 4151 315 4196; x_wconf 87' lang='lat' dir='ltr'>et</span> <span class='ocrx_word' id='word_1_204' title='bbox 329 4151 463 4208; x_wconf 85' lang='lat' dir='ltr'>Exlraits,</span> <span class='ocrx_word' id='word_1_205' title='bbox 477 4163 504 4211; x_wconf 92' lang='lat' dir='ltr'>p.</span> <span class='ocrx_word' id='word_1_206' title='bbox 522 4149 573 4200; x_wconf 76' lang='lat' dir='ltr'>lut.</span> <span class='ocrx_word' id='word_1_207' title='bbox 628 4129 630 4133; x_wconf 16' lang='lat' dir='ltr'>V</span> 
     </span>
    </p>

    <p class='ocr_par' dir='ltr' id='par_1_6' title="bbox 113 4233 509 4304">
     <span class='ocr_line' id='line_1_29' title="bbox 113 4233 509 4304; baseline 0.01 -22"><span class='ocrx_word' id='word_1_208' title='bbox 113 4233 147 4297; x_wconf 75' lang='lat'>(2)</span> <span class='ocrx_word' id='word_1_209' title='bbox 164 4234 263 4293; x_wconf 90' lang='lat' dir='ltr'>Vives,</span> <span class='ocrx_word' id='word_1_210' title='bbox 279 4240 316 4284; x_wconf 87' lang='lat' dir='ltr'>De</span> <span class='ocrx_word' id='word_1_211' title='bbox 332 4239 443 4304; x_wconf 67' lang='lat' dir='ltr'>Caucis,</span> <span class='ocrx_word' id='word_1_212' title='bbox 459 4241 509 4286; x_wconf 83' lang='lat' dir='ltr'>ete.</span> 
     </span>
    </p>

    <p class='ocr_par' dir='ltr' id='par_1_7' title="bbox 84 4323 1147 4476">
     <span class='ocr_line' id='line_1_30' title="bbox 112 4323 1147 4392; baseline 0.006 -20"><span class='ocrx_word' id='word_1_213' title='bbox 112 4323 145 4387; x_wconf 86' lang='lat'>(3)</span> <span class='ocrx_word' id='word_1_214' title='bbox 161 4327 334 4388; x_wconf 78' lang='lat' dir='ltr'>catholicon,</span> <span class='ocrx_word' id='word_1_215' title='bbox 350 4341 414 4391; x_wconf 86' lang='lat' dir='ltr'>pars</span> <span class='ocrx_word' id='word_1_216' title='bbox 430 4328 519 4378; x_wconf 88' lang='lat' dir='ltr'>tertia.</span> <span class='ocrx_word' id='word_1_217' title='bbox 537 4327 601 4390; x_wconf 75' lang='lat' dir='ltr'>Ort,</span> <span class='ocrx_word' id='word_1_218' title='bbox 618 4329 691 4392; x_wconf 83' lang='lat' dir='ltr'>apud</span> <span class='ocrx_word' id='word_1_219' title='bbox 707 4329 830 4392; x_wconf 86' lang='lat' dir='ltr'>Benoist,</span> <span class='ocrx_word' id='word_1_220' title='bbox 848 4333 920 4390; x_wconf 80' lang='lat' dir='ltr'>Quid</span> <span class='ocrx_word' id='word_1_221' title='bbox 933 4332 1053 4379; x_wconf 82' lang='lat' dir='ltr'>senserit</span> <span class='ocrx_word' id='word_1_222' title='bbox 1063 4333 1147 4378; x_wconf 82' lang='lat' dir='ltr'>Eras-</span> 
     </span>
     <span class='ocr_line' id='line_1_31' title="bbox 84 4415 224 4476; baseline 0.007 -15"><span class='ocrx_word' id='word_1_223' title='bbox 84 4424 157 4476; x_wconf 82' lang='lat' dir='ltr'>mus,</span> <span class='ocrx_word' id='word_1_224' title='bbox 172 4415 224 4464; x_wconf 87' lang='lat' dir='ltr'>etc.</span> 
     </span>
    </p>
   </div>
   <div class='ocr_carea' id='block_1_6' title="bbox 0 0 1654 5480">
    <p class='ocr_par' dir='ltr' id='par_1_8' title="bbox 0 0 1654 5480">
     <span class='ocr_line' id='line_1_32' title="bbox 0 0 1654 5480; baseline 0 0"><span class='ocrx_word' id='word_1_225' title='bbox 0 0 1654 5480; x_wconf 95' lang='lat' dir='ltr'> </span> 
     </span>
    </p>
   </div>
  </div>
 </body>
</html>
