3284 5480
580 693 740 755 -ll-

125 836 197 903 tem
218 835 398 921 spectare;
420 829 491 902 sibi
511 836 649 903 tantum
670 831 876 912 consulunt,
899 829 969 902 sibi
990 829 1190 922 provident,

125 972 205 1026 cum
225 955 414 1047 praecipue
434 955 525 1045 proli
544 954 796 1046 suscipiendae
815 955 1002 1027 consulere
1020 955 1194 1028 deberent

125 1085 161 1150 et
187 1077 310 1150 omnia
329 1078 516 1169 prouidere
536 1086 577 1150 ut
594 1078 697 1168 pueri
719 1077 827 1150 fortes
853 1080 973 1150 animo
992 1085 1027 1151 et
1046 1095 1192 1172 corpore

124 1210 343 1287 crearentur,
361 1210 401 1274 ut
420 1201 572 1294 proinde
588 1210 839 1276 amoverentur
853 1203 938 1275 vitia
957 1203 1079 1275 omnia
1098 1221 1191 1294 quae

125 1344 243 1398 mores
263 1327 385 1399 animo
405 1345 554 1418 pravos,
577 1345 669 1417 quae
693 1326 873 1398 infirmam
894 1328 1030 1419 corpori
1059 1327 1192 1400 valetu-

123 1449 246 1522 dinem
279 1451 489 1542 ingenerare
527 1451 680 1542 possint.
717 1453 869 1524 Puerum
902 1471 921 1525 e
954 1452 1092 1524 vitiosis
1129 1459 1192 1536 aut

123 1573 283 1646 infirmis
308 1574 519 1665 parentibus
546 1581 668 1647 natum
699 1576 887 1648 instituere
914 1583 950 1649 et
976 1575 1188 1658 emendare,

104 1716 233 1788 duam
253 1697 399 1771 difficile
417 1717 507 1789 opus
528 1705 562 1772 et
577 1719 686 1790 quam
706 1718 786 1771 raro
805 1699 1020 1791 perlectum!
1040 1703 1083 1773 llt
1101 1701 1189 1791 quid

123 1822 214 1914 ipsis
234 1824 444 1914 parentibus
464 1825 663 1897 luctuosius
690 1844 797 1916 quam
823 1824 869 1897 ad
895 1825 1003 1898 vitam
1025 1843 1190 1900 evocasse

40 1995 45 2006 ·
123 1947 243 2019 lilium
277 1951 339 2040 qui
371 1950 463 2022 ritae
493 1968 559 2022 nac
589 1950 719 2042 gandia
751 1952 932 2042 percipere
964 1969 1031 2023 nec
1065 1952 1190 2024 munia

120 2070 320 2164 adimplere
353 2073 487 2165 possit!
520 2075 573 2146 nd
607 2082 741 2148 tantam
777 2075 1016 2148 calamitatem
1046 2091 1188 2167 praeca·

121 2198 273 2270 vendam
304 2217 490 2289 nunquam
514 2198 743 2272 matrimonio
765 2200 937 2290 jungatur
959 2198 1016 2271 cui
1041 2206 1188 2272 nonest

119 2340 225 2394 mens
244 2341 333 2394 sana
348 2323 386 2394 in
399 2340 545 2414 corpora
563 2342 664 2407 sano,
680 2329 991 2414 quantaecumque
1006 2330 1091 2396 sunt
1109 2323 1187 2395 ille·

120 2447 248 2520 cetrae
266 2447 399 2520 amoris
418 2453 480 2520 aut
495 2448 597 2538 copia
615 2447 820 2520 divitiarum
845 2445 911 2542 (l).
932 2450 1085 2521 iuvenes
1104 2465 1187 2520 vero

120 2571 276 2645 futuram
296 2573 432 2664 prolem
453 2573 608 2665 cogitent
626 2578 819 2663 antequam
836 2591 878 2644 ea
897 2572 1089 2645 admittant
1107 2589 1190 2663 pce·-

120 2703 199 2769 cata
212 2696 345 2787 quibus
360 2696 457 2768 rires
468 2703 544 2769 tum
563 2695 676 2768 animi
693 2702 770 2768 tum
785 2696 943 2789 corporis
959 2697 1184 2788 tranguntur,

118 2827 158 2893 et
175 2820 274 2894 luno
290 2821 334 2894 de
353 2817 398 2894 so·
411 2814 614 2913 intelligant
631 2829 760 2914 poetae
775 2839 918 2894 uersum
939 2845 948 2892 ε

245 3077 398 3128 Peccatum
413 3076 531 3130 obsistat
545 3076 598 3126 tibi
610 3076 684 3126 filius
699 3075 799 3126 intans.

119 3304 208 3408 Nam
228 3303 370 3376 odorus
389 3302 523 3386 inians,
543 3301 679 3375 cardus
691 3301 936 3392 quaminlana
950 3301 1183 3393 jamsuscep·

120 3436 199 3509 tus,
231 3433 460 3518 paternarum
489 3426 682 3500 libidinum
712 3444 845 3518 poenas
880 3425 994 3498 dabit.
1029 3426 1183 3498 Funesta

118 3553 520 3644 contagione-iniectus,
551 3552 626 3624 luet
650 3550 894 3625 imbecillitate
918 3557 952 3622 et
976 3549 1183 3623 infelicitate

116 3676 229 3750 totius
256 3676 347 3750 ritae
370 3673 526 3769 corrupti
551 3677 710 3768 parentis
741 3675 972 3747 brevissimas
992 3693 1032 3747 ac
1051 3676 1182 3767 turpis·

117 3801 466 3894 simasroluptaies.
496 3802 591 3873 llaec
617 3817 816 3892 proponere
849 3799 981 3871 animis
1008 3799 1181 3890 iuvenum

116 3945 192 4000 non
211 3926 353 3998 dubitat
370 3927 496 4010 Vires,
525 3925 757 4008 existimem,
789 3923 915 3997 merito
941 3922 1111 4014 quidem,
1140 3941 1182 3995 ea

115 4051 255 4126 monita
287 4051 363 4124 roci
395 4041 545 4124 naturae
575 4054 611 4123 ct
642 4048 840 4142 praeceptis
877 4047 1075 4140 relligionis
1109 4046 1180 4120 vim

145 4356 290 4430 (ilViveS,
306 4361 344 4413 De
358 4357 543 4414 Institutione
557 4353 690 4414 mulieris
701 4356 874 4413 christianae
886 4373 895 4422 ς
908 4361 946 4410 De
961 4357 1055 4419 ostiolo
1071 4359 1178 4418 mariti,

113 4452 228 4518 passim.

995 4536 1013 4597 2
