3284 5480
294 1139 413 1236 QUID
443 1137 716 1268 Dispositis
746 1135 1097 1224 INSTITUENDIS

617 1437 766 1484 SENSERIT

435 1707 752 1795 LUDOVICUS
784 1709 946 1793 VIVES

511 2458 654 2530 CAPUT
683 2459 867 2533 PRIMUM.

418 2729 463 2780 os
485 2728 607 2782 sosius
634 2700 844 2780 sisciensis
858 2728 958 2780 siis.

156 2957 247 3019 Deus,
263 2957 472 3021 disciplinarum
491 2957 615 3033 omnium
635 2956 707 3006 finis,
722 2982 753 2991 -
769 2956 842 3005 Num
862 2971 878 3004 a
892 2956 951 3006 Deo
972 2959 1098 3006 avertent
1115 2957 1224 3006 litterae

157 3066 160 3068 ·
188 3051 236 3096 aut
250 3047 429 3110 profanorum
443 3045 526 3096 libri?
539 3073 571 3082 -
588 3045 734 3106 Quomodo
755 3047 879 3096 solvatur
894 3047 962 3095 haec
977 3049 1107 3109 pervetus
1123 3060 1223 3109 quaes-

189 3135 249 3186 tio?

212 3351 350 3423 «Finis
373 3351 555 3434 hominis,
579 3371 685 3442 quem
711 3353 820 3424 alium
847 3373 1040 3444 possumus
1069 3361 1224 3428 statuere

157 3497 265 3569 quam
294 3480 406 3549 Deum
441 3478 560 3568 ipsum
593 3475 663 3570 (tii
693 3505 708 3542 ν
744 3479 918 3551 exclamat
943 3480 1047 3551 Vives
1079 3487 1224 3571 repente

155 3604 324 3693 abreptus
348 3603 409 3674 illo
430 3603 583 3674 oratorio
604 3603 740 3693 impetu
762 3622 832 3693 quo
853 3604 968 3708 abripi
990 3605 1097 3686 solet,
1117 3606 1223 3677 etiam

157 3737 231 3802 tum
258 3747 337 3800 oum
363 3728 546 3800 dialectieo
571 3746 669 3801 moro
695 3737 977 3830 argumentatur.
1011 3731 1225 3804 «Convenit
1256 3805 1258 3808 Α

156 3873 238 3945 ergo
259 3861 298 3926 ut
316 3854 454 3944 primus
474 3853 519 3925 ad
540 3854 725 3926 seientiam
747 3854 866 3926 aditus
889 3855 936 3926 sit
954 3874 1018 3945 per
1029 3857 1141 3927 Deum
1161 3857 1223 3946 qui

157 3979 317 4070 eJusdem
352 3979 523 4051 scientiae
554 3979 703 4050 ultimus
733 3978 819 4051 finis
853 3987 960 4051 est.»
995 3980 1111 4052 Pietas
1143 3999 1224 4071 erga

73 4136 74 4140 ¹
157 4105 269 4176 Deum
297 4123 370 4175 una
391 4105 466 4175 sola
486 4105 540 4174 via
561 4111 614 4176 est
638 4105 739 4195 pueri
767 4112 859 4176 reete
886 4105 1099 4176 instituendi
1125 4111 1159 4177 et
1178 4105 1224 4176 ad

156 4226 255 4300 illam
274 4229 440 4302 virtutem
460 4229 632 4310 ducendi,
657 4229 826 4319 sineque
846 4229 953 4300 homo
973 4229 1079 4314 etiam
1103 4255 1118 4292 «ι
1139 4229 1223 4304 arti·

188 4461 221 4530 (1)
237 4467 274 4511 De
291 4465 462 4524 moteridis,
478 4463 524 4514 lib.
541 4461 567 4522 Ι,
584 4476 606 4512 c.
624 4474 667 4522 w,
683 4476 709 4525 p.
725 4461 739 4521 2
757 4464 779 4514 5.
