3284 5480
573 707 733 770 -57-

115 872 130 909 ι
149 845 312 938 Expedit
327 853 523 936 praeterea,
540 844 607 926 ait,
621 844 779 935 linguam
798 861 878 916 essa
892 843 1049 933 aliquam
1066 842 1185 914 docto·

21 977 27 1023 s
108 989 194 1041 rum
221 968 293 1065 (l),
313 997 329 1034 ›
351 989 423 1060 qua
437 988 563 1042 omnes
578 970 799 1061 singularum
817 968 947 1040 artium
969 968 1098 1040 eruditi
1119 967 1185 1038 viri

23 1143 25 1148 ι
108 1094 209 1167 inter
232 1113 272 1167 se
291 1094 491 1167 conversari
512 1101 547 1166 et
570 1094 740 1165 inunum
762 1093 964 1185 congregari
986 1093 1139 1184 possint.

161 1205 1183 1310 Certumesteniml'inguaelatinaesingularibenelicio‚

110 1345 243 1417 doctos
265 1345 431 1416 homines
452 1345 560 1435 bujus
581 1345 753 1435 temporis
773 1345 894 1416 minus
914 1344 1005 1417 allos
1031 1344 1076 1415 ab
1104 1345 1185 1417 aliis

110 1475 277 1541 semotos
304 1468 416 1541 luisse
439 1487 545 1559 quam
572 1487 670 1541 nuno
693 1487 819 1540 sumus
849 1487 935 1549 nos,
965 1487 1184 1559 quamquam

111 1593 220 1666 novis
259 1593 484 1665 ‹societatis
520 1594 771 1666 instrumentis
804 1620 819 1657 ›
863 1594 1010 1665 utimur.
1049 1593 1183 1665 budia-

109 1725 170 1790 tur
210 1725 336 1790 noster
370 1719 473 1790 Vives
501 1719 595 1790 banc
626 1718 786 1810 linguam
813 1719 990 1790 extollens
1022 1736 1182 1790 commu·

112 1861 265 1915 munem
286 1842 473 1915 bominum
493 1844 738 1935 interpretem,
756 1844 858 1932 cujus
876 1861 943 1933 ope
962 1842 1053 1914 lines
1071 1841 1185 1914 natio-

112 1985 202 2038 num
235 1967 427 2048 tollantur,
458 1974 492 2039 el
522 1974 636 2040 cesset
665 1986 781 2059 poena
811 1967 943 2059 peccati
978 1966 1184 2058 originalis,

113 2091 254 2163 scilicet
280 2091 467 2164 diversitas
490 2092 701 2165 idiomatum
726 2117 734 2164 ι
763 2094 934 2165 ‹Peccati
954 2093 1049 2165 enim
1070 2109 1187 2182 poena

113 2222 168 2288 est
187 2223 243 2289 tot
262 2234 342 2288 esse
361 2216 523 2309 linguas;
541 2236 619 2289 eam
639 2237 720 2288 vero
738 2218 853 2308 ipsam
871 2219 1029 2309 linguam
1047 2223 1186 2308 oporte-

114 2348 167 2413 ret
196 2360 280 2415 essa
305 2361 385 2414 cum
413 2361 557 2416 suavem
587 2350 663 2414 tum
693 2343 799 2415 etiam
829 2343 967 2416 doctam
997 2349 1032 2416 et
1059 2343 1184 2414 lacun-
1241 2383 1245 2392 ·

113 2463 247 2538 dam...
271 2473 311 2538 ut
336 2467 490 2539 libenter
514 2487 556 2540 ea
580 2470 812 2558 loquerentur
834 2469 1000 2541 bomines
1018 2474 1052 2540 et
1076 2468 1186 2559 aptis·

115 2591 206 2663 sime
226 2597 377 2682 possent
396 2592 572 2683 explicare
600 2612 692 2683 quae
719 2594 938 2666 sentirent...
962 2595 1186 2684 multumque

115 2734 177 2806 per
197 2735 281 2789 eam
299 2725 512 2791 accresceret
530 2718 670 2809 judicii.
689 2718 783 2790 Talis
800 2719 889 2790 mibi
907 2719 1047 2792 videtur
1063 2718 1186 2809 lingua

115 2840 275 2914 latina...
298 2835 398 2915 nolas
419 2851 513 2917 esset
540 2863 613 2916 non
634 2843 701 2916 coli
721 2862 798 2915 eam
818 2851 852 2915 et
872 2844 1073 2916 conservari
1094 2860 1186 2933 quae

22 3037 24 3046 ,
116 2966 145 3037 sl
161 2967 400 3050 amitteretur,
419 2975 454 3040 et
470 2987 598 3060 magna
617 2969 779 3040 conlusio
799 2975 1009 3059 sequeretur
1027 2968 1185 3059 discipli·

117 3108 246 3164 narum
282 3092 442 3163 omnium
478 3099 514 3164 et
546 3111 713 3184 magnum
748 3094 842 3165 inter
875 3092 1040 3165 bomines
1079 3091 1184 3164 dissi-

116 3213 215 3287 dium
239 3214 307 3310 (l).
330 3243 345 3280 ι
372 3217 562 3289 Multorum
584 3235 665 3308 ergo
687 3200 874 3288 bominum
895 3225 930 3289 et
949 3217 1109 3288 omnium
1131 3235 1186 3288 ar·

117 3337 203 3410 tium
228 3339 376 3411 interest
396 3341 489 3412 banc
509 3340 666 3431 linguam
689 3348 781 3412 recte
800 3340 931 3430 doceri.

164 3463 238 3536 Sed
257 3466 324 3536 boo
343 3484 452 3556 opus,
472 3466 530 3537 bic
549 3465 649 3537 labor
670 3466 843 3557 magistri.
864 3467 1000 3558 Lingua
1019 3467 1082 3537 illa
1101 3466 1182 3536 bar·

117 3585 216 3663 barie
237 3589 448 3661 scholastica
467 3595 633 3681 corrupta
652 3596 727 3661 erat
746 3597 780 3662 et
801 3589 836 3660 in
859 3596 910 3661 tot
928 3590 1036 3662 inacta
1056 3589 1185 3662 dialec-

119 3718 170 3785 tos
193 3721 284 3806 quot
306 3724 407 3787 erant
425 3713 702 3785 barbarissootes
723 3739 734 3782 :
759 3743 774 3780 u
796 3715 981 3787 Horrenda
1000 3715 1185 3788 barbaries

23 3821 24 3828 Ν
118 3841 314 3913 orationem
340 3839 619 3931 conspurcabat,
642 3841 940 3931 unusquisque...
964 3840 1111 3912 verbum
1141 3840 1185 3912 de

148 4118 179 4182 (l)
194 4127 233 4170 De
252 4125 422 4183 Tradendis,
439 4137 465 4184 p.
483 4121 536 4172 300.
558 4121 616 4170 Hac
632 4125 721 4168 aetate
744 4121 885 4182 Hispanus
905 4121 1051 4182 Mendoza,
1068 4121 1115 4183 quui
1133 4135 1184 4169 nec

119 4211 276 4261 eruditione
293 4225 344 4261 noc
360 4212 453 4261 studio
466 4213 578 4276 linguae
593 4227 708 4275 graecae
724 4212 771 4260 ulli
792 4211 921 4273 cedebat,
937 4211 1023 4260 libros
1038 4225 1104 4259 suos
1120 4211 1185 4258 His-

120 4301 217 4358 panica
231 4299 328 4364 lingua
340 4302 487 4364 scribebat,
504 4302 552 4351 sad
564 4316 596 4351 ea
611 4303 774 4365 praesertim
787 4315 879 4362 causa,
893 4300 967 4363 quod
979 4300 1012 4349 ad
1024 4299 1185 4368 Hispaniam

120 4392 202 4454 magis
220 4406 304 4455 quam
318 4391 352 4440 ad
368 4392 506 4455 Europam
522 4392 610 4455 ipsius
622 4393 685 4441 libri
702 4394 871 4464 spectabant,

149 4477 180 4544 (ἵ)
194 4486 232 4531 De
250 4484 418 4542 Tondendis,
433 4482 480 4538 lib.
498 4481 545 4537 111.
