3284 5480
64 593 67 656 l

62 735 65 830 ,¹
123 747 338 830 dialectice,
367 748 405 819 in
433 749 624 831 rhetorica,
648 749 686 820 in
706 748 804 822 omni
825 766 973 840 prorsus
992 747 1198 839 disciplina.

122 873 281 945 Miretur
311 874 445 964 aliquis
477 875 540 965 qui
574 875 715 967 possint
742 873 780 945 in
808 873 914 946 rebus
940 873 1197 966 apertissimis,

122 997 431 1090 simplicissimis,
454 999 605 1092 primis?
622 999 718 1072 Nihil
739 1005 793 1073 est
810 1005 882 1070 tam
907 997 1105 1090 liquidnm,
1127 1004 1199 1070 nm

124 1122 283 1202 clarum,
302 1125 398 1214 qnod
419 1125 694 1216 quaestiuncula
712 1123 846 1216 aliqua,
868 1123 964 1195 velut
982 1130 1087 1196 rento
1106 1121 1200 1193 enci·

122 1254 222 1330 tato,
258 1267 331 1320 non
362 1251 586 1341 perturbent.
618 1248 863 1322 inertissimae
889 1247 994 1319 datur
1018 1245 1197 1338 torpedini

123 1371 220 1444 nihil
247 1374 410 1447 invenire
429 1377 536 1448 etiarn
557 1376 595 1446 in
616 1375 703 1448 solis
723 1374 859 1466 lnlgore
886 1371 982 1464 qnod
1006 1371 1196 1459 obscures,

124 1497 163 1568 in
200 1498 315 1571 rebus
347 1501 637 1591 explicatissimis
664 1500 762 1591 quod
792 1499 996 1571 involvas...
1026 1497 1084 1569 Sic
1114 1503 1199 1569 sunt

125 1621 266 1712 tirones
299 1624 357 1696 isti
389 1626 649 1699 assuefaciendi
683 1644 868 1717 nunquam
897 1632 1032 1708 tacere,
1060 1624 1198 1696 fortiter

124 1765 334 1822 asseverare
359 1750 538 1843 quidquid
561 1753 599 1824 in
631 1751 778 1824 buccam
810 1751 992 1822 venerit...
1022 1751 1093 1822 Nec
1125 1769 1197 1821 una

125 1870 327 1964 disputatio
356 1894 428 1947 uno
455 1875 588 1949 suflicit
613 1876 716 1949 die...
745 1900 754 1947 ε
780 1876 848 1948 sub
877 1874 1068 1966 prandium
1092 1874 1196 1946 alter·

125 2005 276 2080 cantur,
298 2001 421 2090 pransi
449 2002 679 2085 altercantur,
701 2002 770 2074 snb
790 2019 935 2073 coenam
956 1999 1193 2083 altercantur,

126 2122 266 2194 coenati
288 2122 579 2206 altercantur...,
602 2123 699 2196 domi
726 2125 960 2202 altercantur,
981 2121 1067 2194 ioris
1087 2123 1194 2194 alter·

127 2251 274 2330 cantur,
297 2247 334 2318 in
366 2248 548 2340 convivio,
569 2248 608 2319 in
640 2247 792 2331 balneo,
814 2247 851 2318 in
881 2250 1086 2339 leporario.
1107 2255 1195 2338 tem·

126 2371 204 2460 plo,
228 2372 341 2453 urhe,
363 2392 464 2465 agro,
488 2373 525 2444 in
556 2373 717 2464 publico,
737 2375 776 2445 in
796 2374 951 2464 privato,
973 2374 1072 2445 omni
1098 2374 1192 2455 loco,

127 2499 224 2598 omni
246 2505 408 2588 tempore
427 2499 655 2571 altercantur.
683 2525 699 2562 ›

174 2621 228 2694 Sit
247 2624 288 2694 in
309 2622 395 2704 isla,
417 2624 515 2704 volo,
536 2623 795 2697 declamatione
818 2622 956 2714 aliquid
981 2624 1109 2695 elatius
1136 2623 1193 2695 in-

127 2744 323 2839 tlatinsqne
353 2748 555 2839 prolatnm;
578 2750 629 2819 nil
654 2756 772 2821 umen
801 2748 870 2820 nisi
901 2767 1021 2820 verum
1041 2746 1194 2820 affirmat

128 2888 204 2941 omn
239 2869 329 2943 alibi
366 2873 525 2944 ostendit
552 2874 656 2946 Vives
690 2892 733 2946 er
768 2874 833 2946 hoc
866 2873 987 2964 inepto
1016 2873 1193 2945 educandi

128 3012 256 3084 genere
272 2996 374 3087 pueri
392 3004 546 3070 mentem
558 2998 707 3071 evadere
722 2998 834 3090 magis
845 2999 1012 3070 victoriae
1026 2998 1192 3089 cupidam

128 3138 233 3209 qnam
269 3122 452 3206 veritatiS,
495 3123 648 3214 ideoque
683 3124 802 3195 minus
840 3131 968 3195 rectam
1004 3143 1045 3196 ac
1078 3124 1192 3196 since·

128 3263 215 3330 ram,
234 3255 272 3321 et
292 3265 410 3320 mores
428 3249 527 3340 ipsos
548 3248 722 3341 superbos
743 3249 833 3332 lieri,
850 3257 885 3322 et
904 3257 1109 3341 arrogantes
1126 3246 1190 3343 (l).

127 3369 283 3444 Thomas
303 3375 422 3446 Morus
441 3381 587 3446 noverat
606 3392 736 3465 pueros
760 3401 774 3437 a
795 3375 831 3444 in
852 3374 973 3446 Parcis
996 3373 1071 3445 suis
1092 3374 1193 3466 Logi-

56 3583 59 3590 .
128 3496 267 3569 colibus
283 3504 358 3569 tarn
380 3499 665 3571 substantialiter·
682 3498 863 3577 fundatos,
889 3527 902 3562 o
931 3506 969 3570 nt
989 3517 1129 3590 semper
1148 3498 1193 3570 ad

129 3617 399 3710 digladiandum
429 3642 508 3694 cum
535 3623 704 3696 omnibus
724 3631 845 3700 essent
865 3623 978 3715 parati
999 3630 1033 3695 et
1055 3624 1192 3696 nemini

157 3956 188 4019 (l)
203 3958 236 4007 ln
253 3957 386 4007 Oratione
406 3958 501 4006 habite
516 3958 619 4008 Romae
637 3958 709 4019 1567,
726 3957 850 4006 Muretus
871 3973 932 4007 seso
952 3959 1077 4022 depingit
1090 3973 1124 4008 ex
1138 3959 1191 4008 illis

128 4045 228 4097 scholis
239 4061 382 4110 egressum
393 4063 404 4092 r
416 4047 609 4106 confidentem,
622 4061 720 4108 aorem,
730 4047 945 4106 contentiosum,
957 4048 1118 4109 pracsertim
1130 4062 1192 4095 curn

128 4138 154 4182 ot
168 4142 269 4186 natura
285 4141 356 4185 esset
375 4136 460 4184 firmis
480 4137 613 4184 lateribus
633 4141 660 4185 ot
678 4150 747 4185 voco
762 4151 874 4199 magna,
896 4141 923 4186 ct
944 4137 1017 4199 quod
1034 4141 1116 4199 caput
1136 4141 1191 4198 ost,

129 4234 189 4270 cum
204 4225 331 4288 magistri
347 4225 370 4273 si
390 4238 446 4274 non
462 4227 578 4274 multum
600 4239 710 4289 sapere,
733 4229 761 4273 at
780 4233 868 4283 certe,
887 4225 961 4288 quod
981 4225 1053 4288 apud
1073 4239 1121 4274 eos
1141 4239 1191 4288 pro

128 4313 224 4362 eodem
240 4318 308 4373 erat,
325 4315 441 4362 multum
456 4314 559 4366 audere
574 4316 745 4376 multumque
760 4316 877 4363 clamare
893 4314 1062 4363 docuissent.
1077 4330 1089 4360 n
1104 4339 1136 4349 —
1148 4312 1190 4365 Cf.

67 4387 69 4394 ’
129 4399 247 4466 Rebitte,
263 4417 309 4467 op.
325 4405 381 4467 cit,
396 4418 423 4468 p.
440 4405 479 4454 83.
