3284 5480
144 795 189 859 ut
201 787 358 860 vidimus
378 783 444 879 (t),
466 787 511 859 ad
531 806 657 860 omnes
676 795 770 860 artos
790 797 825 861 ot
839 791 1048 881 praesertim
1059 792 1104 863 ad
1120 792 1213 864 Rbe-

146 913 296 984 torioam
305 912 445 1002 aliquid
462 913 622 985 ronierro
632 914 826 986 existimet.
847 915 1215 1006 Principiohunohis·

148 1038 300 1109 torioum
320 1038 510 1130 legendum
529 1039 632 1130 jubet
657 1039 753 1129 ‹qui
772 1040 818 1110 ab
840 1040 976 1112 ultimis
993 1041 1215 1132 temporibus

146 1160 194 1233 ad
222 1169 384 1234 nostram
417 1163 627 1236 memoriam
648 1171 711 1236 ant
738 1165 771 1235 ei
800 1165 998 1254 proximam
1027 1165 1213 1237 historiam

146 1293 272 1358 tenore
287 1305 361 1359 uuo
375 1295 555 1371 mutarat,
574 1295 761 1358 utsumma
776 1286 952 1377 quaedam
968 1297 1215 1380 proponantur

144 1412 269 1482 omnia
309 1411 374 1505 (2).
410 1441 425 1477 ι
470 1413 657 1484 Neminem
691 1412 802 1503 fugiat
837 1415 1109 1505 geographiam,
1149 1433 1213 1487 seu

151 1561 168 1596 ‹
187 1535 345 1607 looorum
363 1537 526 1609 notitiam
547 1563 562 1600 ι
584 1537 623 1608 in
638 1537 765 1628 primis
780 1537 951 1609 historiae
974 1539 1211 1610 neeessariam

142 1678 223 1733 esse
241 1657 311 1754 (5).
340 1664 454 1748 Quam
478 1663 642 1736 notitiam
663 1663 767 1734 Vires
801 1663 1056 1735 commendans
1074 1663 1213 1736 dissen-

141 1786 185 1856 tit
203 1805 225 1856 a
244 1788 462 1877 quibusdam
488 1788 564 1860 suis
589 1789 839 1861 Universitatis
856 1789 1089 1862 Lovaniensis
1104 1789 1210 1862 eolle-

145 1911 216 2002 gis,
239 1913 303 2002 qui
333 1920 432 1984 tanto
452 1912 534 1985 odio
559 1913 628 1984 hoo
650 1913 811 1985 studium
838 1914 1146 2005 persequebantur
1174 1921 1212 1986 ut

145 2038 293 2109 Erasmo
310 2038 499 2128 Pomponii
522 2039 634 2110 Melae
652 2039 910 2129 Geographiam
928 2038 1053 2111 dooere
1066 2058 1210 2130 egresso

151 2189 167 2226 ‹
184 2162 425 2233 nihilominus
440 2161 648 2234 obstiterint
659 2181 767 2252 quam
780 2163 810 2234 si
826 2170 988 2254 parasset
998 2169 1107 2235 totam
1118 2165 1212 2236 hano

146 2287 270 2359 urbem
290 2287 458 2359 incendio
478 2287 627 2359 miseere
650 2284 715 2379 (d).
739 2313 754 2350 »
781 2286 921 2373 Quibus
940 2306 1022 2359 vero
1044 2287 1152 2359 rebus
1171 2287 1210 2359 in

146 2412 303 2485 Historia
330 2412 452 2484 relatis
486 2412 642 2483 maxima
677 2410 827 2484 debetur
858 2409 966 2483 cura?
993 2413 1149 2484 bellisne
1175 2421 1210 2485 ot

144 2537 300 2610 miiitum
319 2537 456 2628 gestis?
474 2539 633 2610 Minime.
662 2564 678 2601 ‹
697 2538 776 2610 Non
794 2537 900 2609 aliter
919 2536 1069 2628 legenda
1086 2540 1141 2610 rei
1159 2538 1209 2611 di-

142 2663 254 2735 cenda
270 2663 358 2734 haeo
377 2682 484 2754 quam
505 2663 712 2745 latrocinia,
734 2689 749 2726 »
776 2665 827 2734 ait
846 2663 964 2748 vireo,
987 2682 1093 2753 quem
1114 2671 1208 2737 uerte

142 2788 274 2877 plausu
290 2789 495 2878 exciperent
515 2790 700 2860 universae
720 2786 930 2859 oonoordiae
950 2796 1075 2860 nostra
1093 2795 1208 2861 aetate

142 2913 308 2986 aoerrimi
340 2914 522 2996 fautores;
558 2913 643 2984 talia
675 2940 691 2977 ‹
721 2911 880 2984 notanda
910 2914 1048 2995 sotum,
1083 2913 1205 2996 addit,

141 3057 215 3109 uon
235 3045 398 3110 aoourate
416 3037 678 3128 persequenda.
704 3070 716 3094 υ
736 3038 846 3128 Major
865 3037 990 3110 otiare
1010 3045 1083 3109 tota
1101 3037 1207 3109 detur

141 3181 250 3254 opera
275 3163 403 3254 togatis
428 3163 558 3244 rebus,
586 3170 621 3234 et
653 3162 824 3234 omnibus
849 3180 943 3251 quae
968 3162 1149 3252 sapienter
1170 3170 1205 3234 et

140 3288 252 3383 probe
272 3287 446 3360 dionant
471 3288 562 3359 iacta
581 3286 727 3359 fuerint.
749 3287 821 3358 Cur
846 3294 919 3358 tam
938 3287 1042 3359 multi
1059 3287 1204 3359 brevius

141 3413 180 3483 in
198 3415 257 3486 his
270 3432 378 3504 quam
398 3413 437 3484 in
449 3412 615 3484 ueiaudis
628 3419 690 3483 aut
705 3411 879 3501 improbis
891 3411 1110 3482 iaoinoribus
1127 3429 1203 3482 ver-

143 3547 267 3612 santur
281 3535 469 3610 historici?
485 3538 675 3629 indignum
692 3535 911 3627 proiectoest
922 3554 1110 3626 pravarum
1125 3564 1140 3599 ‹
1153 3537 1203 3607 ai·

142 3663 333 3736 iectionum
353 3671 556 3735 nostrarum
579 3680 687 3753 opera
710 3661 871 3733 mandari
893 3661 1106 3742 memoriae,
1129 3681 1201 3734 non

142 3788 224 3861 item
238 3788 381 3860 oonsitii
400 3806 441 3858 ao
457 3787 621 3859 rationis.
644 3814 659 3850 ι

187 3914 284 3985 iuter
308 3911 519 3993 historioos,
545 3920 621 3984 tum
641 3919 795 3990 veteres.
822 3919 898 3984 tum
922 3919 1101 4006 recentes,
1124 3921 1200 3985 tum

169 4182 202 4245 (l)
216 4181 259 4232 Gt.
275 4195 368 4244 supra,
385 4195 409 4229 c,
426 4180 473 4242 IV,
489 4185 540 4228 art.
556 4179 595 4228 1·.

168 4270 202 4334 (2)
216 4276 254 4320 De
271 4271 438 4328 Tradendr's,
455 4269 507 4320 393.

167 4358 202 4423 (3)
217 4359 296 4418 Ibid.,
312 4357 367 4409 392

167 4449 202 4513 (d)
216 4451 330 4508 Erasm„
346 4451 584 4509 [immansuetae.
600 4450 671 4508 Vin,
688 4447 761 4510 apud
777 4447 900 4507 Bonoist‚
915 4447 960 4496 cit.
975 4461 1000 4508 p.
1020 4446 1071 4495 iti.
