3284 5480
904 557 1044 618 „4-

491 701 526 770 50
553 695 608 767 De
629 694 829 768 Tradendis
849 693 1056 789 Disciplinis
1075 693 1139 788 (1).

491 822 708 895 Posteriores
725 839 807 894 vero
829 846 838 892 :

493 951 527 1017 1⁰
550 943 601 1018 In
620 943 986 1017 Pseudo-Dialectieos
1002 942 1079 1045 (3),
1096 995 1099 1002 .

490 1075 527 1142 30
553 1069 607 1141 De
620 1075 744 1164 prima
760 1068 984 1164 philosophia
1006 1069 1017 1166 (
1042 1066 1079 1163 ),

489 1204 525 1272 50
551 1197 607 1268 De
624 1195 894 1288 Explanatione
912 1195 1082 1289 enjasqne
1101 1194 1270 1268 essentiae
1291 1192 1366 1290 (1),

489 1329 526 1397 10
551 1323 607 1394 De
625 1321 784 1394 Censura
808 1319 894 1392 Veri
915 1317 983 1416 (5),

492 1454 526 1524 50
552 1447 607 1518 De
625 1445 873 1519 Instrumenta
884 1445 1143 1539 probabilitatis
1166 1445 1214 1543 (6)
1232 1501 1241 1530 ,

490 1580 525 1648 60
550 1574 606 1645 De
625 1572 874 1666 Dr'spntatione
897 1570 969 1667 (7),

489 1704 524 1771 7⁰
550 1696 606 1767 De
625 1695 769 1768 Ratione
787 1695 931 1767 dicendi
949 1693 1021 1790 (8),

488 1829 524 1897 8⁰
551 1824 606 1894 De
627 1819 900 1894 Conscribenrtts
918 1820 1159 1917 Ερ1’31011’8(9)
1177 1879 1185 1906 ,

488 1955 523 2023 90
549 1945 777 2018 Eaereitatio
797 1945 943 2038 iinpaae
961 1947 1094 2018 latinae
1118 1944 1207 2042 (10).

486 2073 592 2146 nnud
610 2073 715 2144 Vives
739 2068 795 2141 De
815 2067 1068 2143 Constituendo
1087 2070 1232 2156 Scitote,
1255 2089 1420 2145 sermone
1439 2073 1507 2144 Le·

438 2197 644 2279 morinensi,
664 2196 855 2287 scripserat
874 2215 965 2288 opus
982 2198 1079 2288 qnod
1094 2198 1140 2269 ad
1161 2217 1227 2270 nos
1247 2216 1320 2270 non
1342 2197 1507 2289 pervenit

437 2335 471 2400 et
497 2325 594 2417 qnod
621 2341 686 2394 neo
712 2341 732 2392 a
759 2323 952 2411 Memmio,
986 2325 1046 2414 qni
1077 2332 1148 2395 iem
1174 2331 1336 2397 noonrate
1353 2323 1505 2396 Viviana

436 2471 544 2543 opera
564 2447 693 2527 edidit,
718 2465 783 2519 neo
802 2466 822 2516 e
841 2447 1017 2521 Nameohe
1037 2451 1098 2540 qui
1120 2449 1164 2522 de
1190 2450 1236 2520 iis
1260 2449 1394 2541 optime
1423 2447 1501 2520 dis-

435 2576 566 2662 seruit,
588 2591 654 2644 neo
679 2591 700 2643 a
730 2590 786 2642 me
815 2573 877 2661 qui
902 2573 969 2644 hoo
998 2573 1329 2646 commentariolum
1358 2547 1498 2656 scribo,

436 2703 619 2773 inventum
652 2698 718 2769 inii
749 2715 815 2768 neo
846 2697 883 2767 in
907 2697 1099 2770 Valentino
1125 2716 1190 2772 nec
1222 2698 1260 2770 in
1286 2697 1502 2770 Loreniensi

435 2825 654 2898 bibliotheca
671 2819 764 2916 (11).

483 2953 579 3022 lnter
597 2966 688 3040 qnos
712 2967 837 3019 omnes
858 2954 1012 3038 quotuor
1032 2955 1066 3018 ei
1089 2947 1213 3039 viginti
1234 2947 1345 3019 libros
1367 2948 1403 3019 hi
1428 2947 1501 3020 dno

435 3075 590 3147 maxime
608 3072 775 3145 celebrati
796 3072 893 3144 inere
913 3074 975 3162 qni
997 3071 1245 3143 inscribuntur
1266 3097 1274 3143 :
1295 3070 1350 3141 De
1372 3070 1503 3144 Cannis

432 3204 689 3292 oonraptanain
706 3193 844 3265 antinno
863 3202 897 3268 et
917 3193 972 3264 De
995 3192 1196 3266 Tradendis
1215 3193 1437 3289 Disciplinis,
1460 3196 1500 3267 in

465 3455 497 3521 (1)
516 3453 583 3506 1531.

465 3547 497 3612 (3)
515 3544 582 3596 1519.

463 3637 497 3700 (3)
514 3634 583 3686 1533.

463 3726 495 3790 (1)
513 3724 581 3774 1533.

453 3799 495 3880 ’(5)
513 3813 580 3864 isse.

463 3904 496 3968 (6)
514 3902 581 3953 1533.

463 3995 496 4060 (7)
514 3992 581 4043 1533.

460 4085 496 4148 (8)
512 4083 593 4131 Anno
610 4077 669 4128 1533
684 4077 793 4141 script„
810 4076 874 4125 edit.
894 4075 963 4126 1533.

463 4174 495 4238 (9)
513 4171 581 4221 1536.

462 4261 510 4326 (111)
528 4259 595 4309 1533.

461 4350 509 4414 (11)
526 4347 567 4399 Cs.
584 4344 756 4408 Maiensium,
774 4345 852 4392 Vivis
867 4344 937 4391 Vite.
