3284 5480
574 628 733 690 ..95-

121 767 279 858 quando,
302 768 356 840 131
375 767 579 849 scribendo,
603 765 834 858 vellegendo.
858 769 908 838 na
927 769 1043 858 primo
1056 787 1184 861 genere

121 900 184 966 aut
204 893 295 965 nihii
314 902 377 965 aut
396 912 522 983 parum
544 893 722 984 praecepit
751 892 881 986 Vives3
916 911 998 963 nam
1025 913 1117 984 quac
1142 895 1186 969 de

122 1016 444 1090 declamationibus
482 1017 569 1089 dicit
602 1016 649 1089 ad
677 1006 859 1089 orationes
893 1019 1043 1108 scriptas
1081 1027 1189 1110 atque

123 1142 326 1216 memoriter
352 1143 577 1225 enuntiatas,
599 1160 672 1214 non
701 1142 943 1214 adorationes
962 1162 1005 1214 ex
1027 1152 1186 1236 tempore

122 1269 278 1360 prolatas
296 1269 494 1360 pertinent..
513 1269 610 1354 Quae
623 1285 705 1338 vero
719 1266 890 1358 praecipit
907 1266 952 1339 de
967 1269 1074 1340 istius
1092 1270 1188 1342 modi

123 1393 283 1464 oratione
299 1392 521 1465 enuntianda
532 1392 569 1463 in
584 1393 661 1463 sola
670 1393 822 1473 actione,
836 1393 946 1464 immo
964 1393 1003 1492 in
1017 1394 1094 1466 sola
1109 1414 1189 1486 pro·

125 1494 352 1590 nuntiatione
372 1525 584 1599 versantur;
608 1516 742 1607 quade
774 1536 811 1589 re
831 1519 943 1590 multa
974 1538 1014 1591 ac
1034 1521 1186 1607 minuta,

126 1661 167 1715 ex
181 1643 404 1730 Quintiliano
426 1643 549 1724 relata,
573 1648 707 1723 monet,
727 1659 801 1713 non
820 1643 1033 1716 scholastico
1053 1653 1186 1732 umen,

126 1775 162 1840 ut
187 1769 368 1848 Fichetus
391 1786 456 1840 nec
475 1767 594 1840 serviti
613 1784 729 1849 more,
751 1772 791 1838 ut
808 1766 1005 1840 tardivius.

173 1894 281 1966 Plura
299 1891 343 1963 de
362 1890 553 1964 scribendo
571 1897 758 1981 praccepta
789 1892 925 1963 statuit.
959 1894 1033 1965 Hoc
1059 1897 1190 1967 enerci-

125 2019 272 2092 tationis
287 2036 400 2110 genus
414 2017 452 2088 in
469 2016 602 2088 scholis
620 2015 727 2087 medii
744 2017 821 2087 aevi
840 2035 1068 2107 nequaquam
1087 2040 1190 2092 usur·

125 2153 248 2236 patum
264 2149 359 2222 erat:
381 2144 419 2214 in
438 2142 511 2213 iltis
527 2141 687 2233 magistri
700 2140 877 2232 tegebant,
892 2141 1059 2233 discipuli
1072 2144 1192 2217 audie-

125 2270 234 2351 bant3
266 2268 319 2338 iili
347 2266 479 2349 codice,
503 2266 540 2337 hi
560 2265 725 2348 tentione,
754 2263 1009 2337 detinebantur
1025 2287 1037 2360 3
1055 2267 1100 2339 ah
1119 2269 1190 2341 aiio

124 2400 268 2485 accepta
301 2393 445 2482 utrique
477 2391 728 2476 retractabant,
761 2408 827 2461 nec
852 2409 871 2462 e
899 2409 964 2462 suo
992 2392 1190 2483 quidquam

126 2518 284 2610 proferre
315 2516 510 2589 audebant.
545 2515 642 2586 Vivis
675 2533 755 2588 vero
782 2522 915 2602 aetate,
944 2535 1024 2588 cum
1049 2516 1191 2590 dicendi

126 2651 239 2715 artem
250 2643 370 2733 magni
382 2640 745 2712 iacerentlitterarum
763 2639 933 2720 fautores,
947 2648 1011 2712 eta
1024 2641 1193 2716 Cicerone

129 2767 341 2841 didicissent
358 2792 373 2830 3
388 2761 511 2837 stilum
524 2765 743 2855 optimumet
752 2765 1102 2855 praestantissimum
1113 2785 1192 2839 esse

128 2892 271 2966 dicendi
295 2891 502 2983 magistrum
526 2896 560 2960 et
580 2888 802 2979 effectorem,
822 2915 836 2952 ι
856 2888 1036 2960 scribendi
1054 2910 1131 2962 mos
1153 2893 1192 2962 in

129 3019 262 3090 scholis
279 3015 417 3089 revixit.
435 3015 533 3100 Quae
542 3031 623 3086 veru
633 3012 678 3084 dc
687 3013 753 3084 hac
761 3012 1013 3085 exercitatione
1022 3015 1194 3107 praecipit

129 3145 248 3237 111133,
266 3140 311 3213 ad
331 3143 419 3213 haec
438 3139 558 3211 reduci
580 3144 759 3229 possunt:
785 3141 817 3206 t⁰
838 3137 1025 3211 scribendi
1046 3142 1196 3212 materia·

129 3275 289 3341 versetur
313 3292 329 3329 ‹
347 3265 392 3338 de
411 3265 456 3336 iis
470 3264 691 3354 argumentis
709 3281 861 3352 quorum
880 3264 1013 3352 aliquis
1029 3265 1076 3336 sit
1094 3264 1194 3336 dein-

79 3365 83 3378 ’
130 3412 211 3484 ceps
232 3409 321 3462 usus
336 3390 373 3460 in
392 3387 478 3479 1113,
499 3395 534 3459 31
549 3406 622 3459 non
643 3387 687 3457 de
707 3386 799 3456 iis...
826 3405 918 3474 quae
938 3405 1133 3477 numquam
1156 3388 1194 3459 in

130 3519 200 3591 rita
215 3516 504 3606 contingerent.»
523 3551 569 3563 -
582 3515 618 3582 2⁰
635 3538 649 3575 r
664 3510 715 3582 Ad
726 3508 953 3581 meditandas
969 3510 1195 3585 scribendas·

131 3663 200 3735 que
235 3641 416 3713 orationes
450 3639 488 3709 in
520 3638 680 3729 quietum
712 3637 828 3708 locum
862 3635 1029 3709 secedant
1045 3639 1195 3728 juvenes

131 3768 227 3839 unde
245 3785 311 3837 131
332 3765 444 3847 nulia,
468 3763 590 3834 nuilus
620 3761 790 3850 strepitus
814 3760 932 3832 audiri
959 3769 1079 3850 queat.
1108 3789 1123 3826 3
1149 3802 1196 3814 -
1278 3831 1280 3834 ,

133 3895 167 3962 5⁰
182 3890 366 3980 «singuiis
379 3885 970 3959 hebdomadibusdeclamationem
984 3905 1091 3957 unam
1100 3886 1196 3977 apud

133 4021 298 4087 cunctum
318 4011 534 4084 auditorium
559 4010 741 4080 institutor
761 4008 911 4099 corriget
926 4005 991 4101 (t).
1010 4034 1024 4072 1
1046 4048 1087 4060 -
1109 4009 1197 4079 itini·

131 4145 185 4210 tos
206 4139 340 4211 tructus
359 4156 403 4209 ex
422 4136 489 4207 hoc
507 4133 704 4224 corrigendi
717 4150 845 4223 genere
865 4132 998 4222 percipi
1016 4132 1198 4205 existimat

165 4420 196 4486 (1)
211 4426 248 4470 Dc
265 4421 433 4478 Tondendis,
448 4417 500 4466 361.
