3284 5480
895 537 1050 600 -5l-

441 679 628 759 cederent,
658 695 724 749 nec
750 677 820 768 ipsi
852 677 1020 768 Magistro
1047 675 1228 748 Aristoteli
1256 673 1329 770 (l),
1359 695 1437 748 nam
1461 695 1502 750 se
1614 765 1616 784 δ

448 832 463 869 ι
484 802 710 876 Aristotelem
732 801 950 894 disputando
970 802 1124 875 uicturos
1143 797 1233 896 (ἢ)
1258 802 1455 876 eredebant.
1614 893 1615 902 ἰ

493 928 544 1000 lo
567 928 633 999 lrac
654 946 736 1019 ergo
763 925 818 998 via
842 945 863 998 a
885 927 1068 1018 plerisque
1087 933 1260 1017 usurpata
1279 928 1383 1019 louge
1401 947 1500 1000 suum
1614 911 1616 974 ἕ

442 1053 657 1144 discipulum
677 1053 803 1124 avertit
821 1051 944 1132 Vires,
967 1069 1032 1124 nec
1051 1051 1152 1123 illum
1173 1058 1331 1124 ueterum
1352 1053 1500 1126 auctori·
1614 1119 1616 1144 ζ

441 1179 505 1251 tali
525 1177 734 1270 mancipari,
753 1195 818 1249 neo
837 1175 1022 1248 dialectica
1040 1177 1191 1268 alligari,
1211 1177 1396 1268 permittit.
1415 1179 1504 1249 llaec
1614 1171 1615 1178 '

441 1303 537 1376 enim
562 1309 616 1376 est
635 1302 776 1374 Vivioae
802 1329 817 1366 ‹
840 1301 996 1374 llotlrodi
1017 1328 1033 1366 ι
1055 1309 1140 1374 nola
1158 1303 1349 1394 praecipua
1368 1303 1460 1394 quod
1482 1321 1504 1373 e
1614 1291 1616 1332 ³

441 1429 557 1501 solitis
581 1428 656 1500 aevi
683 1427 791 1499 medii
818 1427 1069 1519 magistrorum
1090 1427 1185 1499 uitiis
1205 1434 1388 1519 purgatur.
1411 1429 1504 1514 Quae
1614 1495 1615 1502 t

440 1560 558 1625 autem
580 1553 654 1624 sint
675 1551 772 1623 illius
793 1551 959 1643 propriae
978 1551 1073 1642 leges
1088 1570 1268 1643 nusquam
1290 1569 1448 1624 seorsum
1464 1569 1506 1622 ec

440 1683 535 1750 certa
569 1676 780 1750 delinitione
814 1683 935 1750 monet
961 1677 1086 1758 Viros,
1118 1694 1183 1748 nec
1210 1675 1329 1750 forsan
1365 1693 1505 1748 monere

440 1809 557 1894 polest
572 1827 580 1873 ι
598 1802 636 1874 id
650 1802 746 1874 enim
763 1802 879 1874 solum
898 1801 967 1874 sibi
988 1802 1158 1894 proponit
1176 1803 1295 1894 potius
1315 1801 1506 1874 inueterata

441 1929 565 2001 tollere
583 1927 668 1999 vitia
684 1945 791 2017 quam
813 1945 923 1999 novas
945 1927 1071 1999 ailerre
1092 1927 1203 2018 leges,
1221 1934 1256 1999 ot
1276 1928 1425 2019 insuper
1443 1944 1505 1998 suo

442 2052 585 2142 ingenio
598 2052 760 2143 indulget
770 2069 881 2141 quum
899 2071 954 2124 res
971 2052 1133 2143 singulas
1147 2051 1289 2132 evolvit,
1305 2059 1504 2124 nonautcm
1614 2107 1616 2112 .

440 2194 566 2248 omnes
588 2176 624 2246 in
645 2194 757 2247 unum
778 2175 969 2248 contrahit.
1614 2255 1616 2274 j

490 2303 564 2374 lloe
600 2319 682 2372 nero
716 2320 789 2374 uno
827 2308 1015 2393 praecepto
1052 2303 1174 2374 omnia
1211 2303 1288 2393 eius
1324 2308 1507 2394 praecepta

440 2426 626 2516 complecti
662 2443 855 2517 possumus
887 2450 895 2496 :
931 2433 1026 2499 artes
1059 2445 1184 2500 omnes
1220 2447 1327 2519 quam
1367 2426 1504 2518 simpli·
1614 2423 1616 2472 f

438 2549 583 2622 cissima
620 2549 733 2622 iorma
768 2551 955 2622 tradantur
992 2557 1027 2623 et
1061 2551 1107 2623 ad
1145 2569 1337 2642 puerorum
1373 2552 1506 2623 utilita-
1614 2633 1615 2640 ἶ

439 2679 509 2746 tom
544 2693 685 2765 semper
721 2674 935 2767 dirigantur.
973 2677 1023 2747 lia
1058 2682 1176 2750 autem
1210 2676 1324 2749 torma
1357 2677 1505 2768 simplex

440 2806 494 2872 est
530 2816 622 2889 queo
654 2816 697 2870 ex
732 2819 801 2872 usu
833 2799 879 2871 ad
913 2799 1090 2892 principia
1128 2799 1307 2891 procedit,
1343 2818 1435 2892 queo
1469 2801 1506 2870 in
1614 2789 1616 2830 ;

440 2920 648 2995 difficilibus
668 2922 884 2995 eruditionis
917 2923 1022 3015 nugis
1042 2942 1231 3016 nunquam
1254 2931 1439 3005 versatur:
1468 2941 1506 2995 ee
1614 3005 1615 3008 a

441 3044 493 3117 sic
514 3045 646 3116 tradita
670 3045 832 3118 doctrina
852 3047 974 3137 pueris
994 3047 1095 3121 allerl
1115 3049 1324 3133 utilitatem,
1347 3049 1506 3141 proprias

441 3169 534 3242 vires
554 3170 667 3253 addit,
686 3178 721 3242 et
739 3171 776 3241 in
793 3172 845 3243 eis
865 3178 940 3244 tum
962 3173 1131 3244 virtutum
1152 3173 1310 3246 indolem
1342 3182 1416 3245 tum
1436 3191 1506 3245 roo

442 3301 517 3367 tum
541 3295 716 3386 jndioinm
745 3304 862 3387 auget.
884 3296 1063 3369 iudicium
1089 3299 1207 3382 enim,
1227 3300 1278 3371 ait
1302 3300 1362 3371 ille
1380 3300 1504 3380 Vires,

442 3439 548 3511 quem
578 3423 624 3494 oh
646 3421 772 3512 judicii
805 3423 1059 3514 praestantiam
1094 3423 1289 3496 laudabant
1319 3424 1504 3514 aequales,
1614 3407 1615 3416 Ν

448 3573 464 3610 ‹
488 3545 717 3637 praecipuum
740 3553 794 3618 ost
816 3565 889 3618 non
910 3548 1026 3619 solum
1048 3548 1086 3619 in
1106 3548 1267 3621 scientiis
1287 3547 1504 3627 ediscendis,
1614 3601 1615 3642 ;

443 3669 640 3741 sedetiam
669 3670 706 3740 in
736 3671 804 3742 vita
830 3672 923 3743 beno
948 3670 1124 3763 beateque
1153 3671 1355 3764 peragenda
1379 3672 1507 3744 instnu·

444 3800 603 3865 mentum
631 3790 695 3887 (3).
726 3821 742 3858 n

475 4127 508 4190 (l)
522 4130 639 4186 Epistol.
659 4131 754 4179 Tlrorn.
771 4134 842 4179 lieri
856 4133 978 4180 llarlino
994 4134 1111 4192 Dorpio.
1131 4132 1176 4183 cil.
1193 4132 1266 4195 apud
1285 4130 1414 4193 Bonoist,
1431 4147 1455 4194 p.
1471 4127 1505 4177 22.
1614 4157 1615 4172 2

448 4279 451 4285 Ι
475 4215 509 4278 l‘l)
525 4222 561 4265 Dc
578 4219 685 4279 Causis,
703 4232 729 4280 p.
747 4219 783 4267 55.

475 4305 684 4369 (silvacensis,
701 4319 727 4369 p.
744 4304 782 4357 ld.
