3284 5480
608 589 769 654 ..39-

153 749 222 802 nec
241 729 298 802 die
318 749 383 803 noc
403 738 523 814 nocte,
553 757 567 794 a
588 748 712 802 eorum
733 730 863 801 lasciva
882 737 979 801 actas
998 730 1043 801 ad
1070 747 1216 821 peccan-

152 855 240 927 dum
269 856 435 945 proclivis
455 856 595 928 nullum
615 861 737 946 posset
761 855 916 946 reperire
940 855 1057 927 locum
1087 871 1158 946 quo
1178 853 1216 926 iu

150 979 291 1051 lacinus
310 987 495 1070 prorueret
517 976 581 1074 (1).
608 1006 623 1043 ι

203 1106 375 1195 Tempore
394 1123 475 1177 vero
496 1081 711 1186 recentiore,
733 1124 829 1176 auno
853 1104 987 1176 scilicet
1014 1107 1123 1187 1570,
1145 1107 1214 1177 hu-

146 1230 310 1320 iusmodi
332 1230 472 1301 scholas
493 1230 529 1300 in
551 1229 639 1301 urbe
659 1230 848 1301 Darentria
869 1230 1074 1302 instituerat
1093 1231 1216 1301 Gerar·

150 1353 222 1426 dus
240 1355 406 1435 Grootus,
422 1353 560 1425 ordinis
576 1381 591 1417 ‹
607 1355 770 1425 Fratrum
784 1354 875 1424 ritae
890 1353 1116 1425 communis»
1133 1372 1216 1426 con·

149 1479 259 1552 ditor.
275 1481 414 1551 Fratres
431 1478 484 1551 illi
505 1480 542 1550 in
557 1479 804 1552 describendis
822 1479 1004 1551 codicibus
1024 1481 1078 1551 vel
1098 1498 1216 1552 sacro-

150 1621 232 1675 rum
255 1605 306 1676 vel
328 1605 557 1696 profanorum
578 1612 761 1677 auctorum
783 1605 890 1676 vitam
912 1603 1100 1695 degebant,
1122 1612 1156 1676 et
1176 1604 1213 1676 iu

150 1729 318 1820 regendis
334 1728 466 1800 sobolis
479 1728 517 1799 iu
536 1729 669 1818 quibus
689 1747 819 1819 pueros
840 1747 911 1800 uon
933 1735 1071 1800 tantum
1093 1728 1214 1800 doctos

149 1854 215 1926 sed
231 1855 337 1927 eliam
352 1854 444 1926 bene
462 1862 618 1926 moratos
636 1853 784 1926 reddere
802 1854 1051 1936 intendebant,
1071 1853 1214 1944 ipsique

149 1978 203 2052 eis
218 1979 361 2073 pietatis
377 1989 412 2051 et
430 1978 571 2051 uirtutis
592 1980 754 2070 exemplo
771 1986 872 2051 erant
890 1977 955 2074 (1).
973 1981 1069 2051 Nova
1085 1979 1142 2050 usi
1163 1999 1214 2050 ra·

149 2103 248 2175 tione
268 2111 343 2175 tum
363 2103 399 2173 iu
422 2104 616 2175 tractandis
635 2122 824 2194 puerorum
843 2104 975 2175 animis
996 2111 1069 2176 lum
1089 2104 1126 2174 in
1144 2109 1213 2174 tra-

148 2227 278 2300 dendis
297 2227 450 2308 artibus,
468 2227 629 2300 omnium
650 2227 798 2318 gratiam
814 2228 934 2318 adepti
953 2235 1049 2310 sunt,
1068 2229 1213 2316 multos·

149 2371 220 2444 que
241 2352 398 2424 habuere
423 2351 640 2443 discipulos,
664 2371 705 2424 en
733 2352 866 2443 quibos
894 2353 991 2424 luere
1019 2353 1213 2431 Thomasa

148 2477 315 2570 Kompis,
339 2476 546 2569 Rodolphus
566 2477 746 2567 Agricola,
769 2477 806 2548 in
828 2477 1018 2549 Germania
1037 2479 1128 2549 circa
1149 2496 1212 2548 an-

147 2620 235 2672 uum
259 2604 345 2672 1181
381 2625 398 2666 o
428 2601 625 2674 litterarum
651 2602 892 2682 restitutum»
918 2602 1211 2693 ilringerbergius

146 2727 210 2817 qui
231 2726 413 2817 Agricolae
430 2727 581 2799 consilio
600 2727 758 2798 scholam
779 2726 982 2808 Solestadii,
999 2726 1154 2798 Alsatiaa
1172 2727 1209 2797 in

145 2849 250 2932 urbe,
272 2851 442 2933 instituit,
459 2851 760 2942 Wimpheliugius
781 2852 843 2942 qui
864 2870 1084 2942 magnacum
1105 2851 1211 2923 laude

147 2977 184 3047 in
206 2976 268 3046 illa
287 2977 410 3070 schola
427 2978 513 3068 legit
533 2984 567 3049 et
587 2977 630 3048 de
651 2978 772 3069 pueris
789 2984 882 3049 recte
902 2977 1073 3048 docendis
1094 2978 1207 3066 scrip-

145 3101 194 3173 sit
221 3098 290 3194 (5),
317 3108 351 3173 el
377 3101 520 3174 demum
538 3100 710 3173 'omnium
739 3100 1007 3172 illustrissimus
1039 3104 1208 3172 Erasmus
1285 3168 1293 3184 ,

176 3381 209 3446 (1)
224 3381 265 3433 Ol.
282 3381 359 3432 Leon
374 3381 480 3444 Maitre,
496 3385 547 3431 Les
562 3385 659 3432 Ecotas
674 3383 854 3442 episcopales.

175 3471 265 3536 (1)(11.
282 3471 405 3530 Bosscrt,
421 3476 458 3520 De
472 3473 615 3531 Redolpho
628 3474 768 3532 Agricola,
785 3476 836 3522 eto.

175 3559 207 3622 (3)
223 3560 298 3608 Inter
313 3559 524 3622 Wimphelingii
545 3560 646 3620 libros,
664 3559 692 3607 hi
711 3559 826 3608 notandi
845 3563 911 3626 sunt
928 3573 933 3608 :
953 3560 976 3608 1ο
993 3563 1208 3621 Elegantlarnm

143 3652 270 3698 medulla
282 3647 370 3711 (1193),
387 3647 416 3695 in
431 3662 486 3710 qua
500 3647 648 3696 traduntur
663 3647 773 3709 linguae
789 3648 890 3696 latinae
906 3652 933 3696 et
948 3648 1112 3698 Rhetoricae
1127 3663 1207 3711 prae·

143 3741 233 3800 cepta,
250 3737 420 3787 crateribus
435 3736 596 3784 auctoribus
612 3740 638 3784 et
653 3735 804 3784 Laurentio
819 3736 898 3784 Valla
914 3740 1058 3799 excerpta;
1077 3737 1102 3786 2⁰
1115 3740 1207 3786 isido-

144 3841 215 3876 ncus
228 3829 446 3886 Grammaticus,
463 3839 512 3873 seu
528 3824 711 3874 Grammatico
721 3825 800 3888 (1191)
815 3827 843 3873 in
858 3841 911 3888 qua
926 3827 1103 3889 reprehendit
1118 3842 1208 3890 gram-

143 3916 307 3964 maticorum
325 3915 411 3962 libros
433 3915 462 3962 in
483 3915 584 3962 scholis
608 3919 756 3977 usurpatos
779 3929 784 3963 :
808 3931 818 3961 o
839 3915 895 3964 Vos
921 3917 968 3978 qui
990 3919 1108 3980 publicis
1134 3918 1207 3966 ludis

143 4005 274 4068 praelecti
288 4005 383 4055 estis...
401 4019 455 4066 quo
469 4005 581 4054 brevius
597 4005 712 4066 potestis
726 4009 833 4054 vostros
850 4006 974 4055 alumnos
989 4008 1104 4069 erudite,
1122 4009 1207 4056 omis-

143 4096 180 4144 sis
196 4094 401 4144 commentariis
418 4094 539 4155 antiquis
560 4094 606 4155 qui
631 4094 704 4156 pleni
725 4099 789 4142 sunt
811 4095 992 4157 ineptiarum,
1015 4102 1041 4144 et
1061 4097 1094 4144 ad
1113 4097 1206 4146 dedis-

142 4183 261 4232 cendum
280 4183 366 4245 magis
389 4197 470 4244 quam
489 4182 688 4230 addiscendum
708 4184 907 4231 accommodati
928 4202 939 4230 n
968 4185 1061 4246 (111111,
1083 4185 1205 4248 XXVII).

142 4274 166 4322 3⁰
182 4275 380 4322 Adolescentia
401 4272 497 4335 (1500),
517 4285 566 4320 scu
584 4273 695 4333 regulae
717 4272 750 4319 ad
772 4273 841 4320 bene
864 4273 1000 4335 regendos
1020 4288 1135 4336 puorOS,
1157 4275 1204 4321 ubi

141 4363 180 4412 ait
196 4375 201 4410 :
215 4377 228 4408 n
246 4341 397 4412 Christiani
410 4375 505 4410 sumus
520 4365 546 4410 et
561 4375 621 4410 esse
637 4365 664 4410 et
677 4361 766 4412 videri
777 4347 914 4424 volumus,
927 4380 938 4409 1
953 4367 980 4411 ot
992 4363 1065 4410 idem
1078 4377 1108 4411 ac
1121 4362 1206 4412 Vives
