<?xml version="1.0" encoding="UTF-8"?>
<!DOCTYPE html PUBLIC "-//W3C//DTD XHTML 1.0 Transitional//EN"
    "http://www.w3.org/TR/xhtml1/DTD/xhtml1-transitional.dtd">
<html xmlns="http://www.w3.org/1999/xhtml" xml:lang="en" lang="en">
 <head>
  <title>
</title>
<meta http-equiv="Content-Type" content="text/html;charset=utf-8" />
  <meta name='ocr-system' content='tesseract 3.04.00' />
  <meta name='ocr-capabilities' content='ocr_page ocr_carea ocr_par ocr_line ocrx_word'/>
</head>
<body>
  <div class='ocr_page' id='page_1' title='image "./quiddepuerisins00arnagoog_0041.png"; bbox 0 0 3284 5480; ppageno 0'>
   <div class='ocr_carea' id='block_1_1' title="bbox 583 530 742 595">
    <p class='ocr_par' dir='ltr' id='par_1_1' title="bbox 583 530 742 595">
     <span class='ocr_line' id='line_1_1' title="bbox 583 530 742 595; baseline -0.006 -16"><span class='ocrx_word' id='word_1_1' title='bbox 583 530 742 595; x_wconf 76' lang='lat'>-31..</span> 
     </span>
    </p>
   </div>
   <div class='ocr_carea' id='block_1_2' title="bbox 131 667 1194 867">
    <p class='ocr_par' dir='ltr' id='par_1_2' title="bbox 131 667 1194 867">
     <span class='ocr_line' id='line_1_2' title="bbox 131 667 1194 764; baseline 0 -22"><span class='ocrx_word' id='word_1_2' title='bbox 131 671 200 742; x_wconf 92' lang='lat' dir='ltr'>hoe</span> <span class='ocrx_word' id='word_1_3' title='bbox 217 670 400 764; x_wconf 80' lang='lat' dir='ltr'>Chrysali,</span> <span class='ocrx_word' id='word_1_4' title='bbox 423 669 519 762; x_wconf 90' lang='lat' dir='ltr'>apud</span> <span class='ocrx_word' id='word_1_5' title='bbox 540 676 704 742; x_wconf 89' lang='lat' dir='ltr'>nostrum</span> <span class='ocrx_word' id='word_1_6' title='bbox 729 670 923 752; x_wconf 88' lang='lat' dir='ltr'>comicum,</span> <span class='ocrx_word' id='word_1_7' title='bbox 947 667 1016 740; x_wconf 94' lang='lat' dir='ltr'>sihi</span> <span class='ocrx_word' id='word_1_8' title='bbox 1035 686 1194 742; x_wconf 89' lang='lat' dir='ltr'>assume·</span> 
     </span>
     <span class='ocr_line' id='line_1_3' title="bbox 131 801 242 867; baseline 0.009 -1"><span class='ocrx_word' id='word_1_9' title='bbox 131 801 211 867; x_wconf 85' lang='lat' dir='ltr'>rent</span> <span class='ocrx_word' id='word_1_10' title='bbox 233 819 242 867; x_wconf 72' lang='grc' dir='ltr'><strong>ι</strong></span> 
     </span>
    </p>
   </div>
   <div class='ocr_carea' id='block_1_3' title="bbox 255 988 1003 1047">
    <p class='ocr_par' dir='ltr' id='par_1_3' title="bbox 255 988 1003 1047">
     <span class='ocr_line' id='line_1_4' title="bbox 255 988 1003 1047; baseline 0 -13"><span class='ocrx_word' id='word_1_11' title='bbox 255 990 288 1034; x_wconf 80' lang='lat' dir='ltr'>da</span> <span class='ocrx_word' id='word_1_12' title='bbox 302 989 346 1037; x_wconf 84' lang='lat' dir='ltr'>cis</span> <span class='ocrx_word' id='word_1_13' title='bbox 361 989 395 1036; x_wconf 82' lang='lat' dir='ltr'>de</span> <span class='ocrx_word' id='word_1_14' title='bbox 412 989 504 1037; x_wconf 85' lang='lat' dir='ltr'>bonne</span> <span class='ocrx_word' id='word_1_15' title='bbox 518 1000 605 1046; x_wconf 84' lang='lat' dir='ltr'>soupe</span> <span class='ocrx_word' id='word_1_16' title='bbox 620 991 645 1036; x_wconf 86' lang='lat' dir='ltr'>et</span> <span class='ocrx_word' id='word_1_17' title='bbox 661 1001 721 1038; x_wconf 84' lang='lat' dir='ltr'>uon</span> <span class='ocrx_word' id='word_1_18' title='bbox 736 989 771 1035; x_wconf 84' lang='lat' dir='ltr'>cte</span> <span class='ocrx_word' id='word_1_19' title='bbox 787 988 857 1036; x_wconf 83' lang='lat' dir='ltr'>heau</span> <span class='ocrx_word' id='word_1_20' title='bbox 872 989 1003 1047; x_wconf 72' lang='lat' dir='ltr'>tanpape,</span> 
     </span>
    </p>
   </div>
   <div class='ocr_carea' id='block_1_4' title="bbox 132 1183 1201 2750">
    <p class='ocr_par' dir='ltr' id='par_1_4' title="bbox 132 1183 1201 2750">
     <span class='ocr_line' id='line_1_5' title="bbox 132 1183 1197 1276; baseline -0.002 -20"><span class='ocrx_word' id='word_1_21' title='bbox 132 1203 214 1256; x_wconf 91' lang='lat' dir='ltr'>cum</span> <span class='ocrx_word' id='word_1_22' title='bbox 234 1183 318 1256; x_wconf 91' lang='lat' dir='ltr'>velit</span> <span class='ocrx_word' id='word_1_23' title='bbox 336 1183 441 1256; x_wconf 84' lang='lat' dir='ltr'><strong>Vives</strong></span> <span class='ocrx_word' id='word_1_24' title='bbox 461 1191 495 1256; x_wconf 93' lang='lat' dir='ltr'>et</span> <span class='ocrx_word' id='word_1_25' title='bbox 520 1189 613 1256; x_wconf 90' lang='lat' dir='ltr'>recte</span> <span class='ocrx_word' id='word_1_26' title='bbox 639 1185 798 1256; x_wconf 90' lang='lat' dir='ltr'>intritam</span> <span class='ocrx_word' id='word_1_27' title='bbox 825 1203 976 1274; x_wconf 82' lang='lat' dir='ltr'>coquere</span> <span class='ocrx_word' id='word_1_28' title='bbox 997 1192 1031 1256; x_wconf 91' lang='lat' dir='ltr'>et</span> <span class='ocrx_word' id='word_1_29' title='bbox 1050 1184 1197 1276; x_wconf 88' lang='lat' dir='ltr'>pulchro</span> 
     </span>
     <span class='ocr_line' id='line_1_6' title="bbox 132 1307 1197 1399; baseline 0 -20"><span class='ocrx_word' id='word_1_30' title='bbox 132 1308 232 1398; x_wconf 87' lang='lat' dir='ltr'>loqui</span> <span class='ocrx_word' id='word_1_31' title='bbox 253 1308 394 1381; x_wconf 82' lang='lat' dir='ltr'>discant</span> <span class='ocrx_word' id='word_1_32' title='bbox 418 1308 598 1392; x_wconf 88' lang='lat' dir='ltr'>leminae;</span> <span class='ocrx_word' id='word_1_33' title='bbox 621 1327 693 1380; x_wconf 95' lang='lat' dir='ltr'>non</span> <span class='ocrx_word' id='word_1_34' title='bbox 719 1309 835 1379; x_wconf 86' lang='lat' dir='ltr'>inrisa</span> <span class='ocrx_word' id='word_1_35' title='bbox 859 1309 925 1380; x_wconf 91' lang='lat' dir='ltr'>erit</span> <span class='ocrx_word' id='word_1_36' title='bbox 951 1308 1025 1379; x_wconf 92' lang='lat' dir='ltr'>illis</span> <span class='ocrx_word' id='word_1_37' title='bbox 1053 1307 1197 1399; x_wconf 88' lang='lat' dir='ltr'><strong>pusillis</strong></span> 
     </span>
     <span class='ocr_line' id='line_1_7' title="bbox 132 1431 1198 1525; baseline -0.001 -21"><span class='ocrx_word' id='word_1_38' title='bbox 132 1431 266 1504; x_wconf 88' lang='lat' dir='ltr'>animis</span> <span class='ocrx_word' id='word_1_39' title='bbox 287 1432 348 1522; x_wconf 87' lang='lat' dir='ltr'>qui</span> <span class='ocrx_word' id='word_1_40' title='bbox 376 1433 504 1504; x_wconf 90' lang='lat' dir='ltr'>timent</span> <span class='ocrx_word' id='word_1_41' title='bbox 531 1452 576 1506; x_wconf 91' lang='lat' dir='ltr'>ne</span> <span class='ocrx_word' id='word_1_42' title='bbox 603 1433 691 1525; x_wconf 87' lang='lat' dir='ltr'>qnid</span> <span class='ocrx_word' id='word_1_43' title='bbox 711 1432 832 1505; x_wconf 91' lang='lat' dir='ltr'>virtuti</span> <span class='ocrx_word' id='word_1_44' title='bbox 859 1432 1014 1504; x_wconf 88' lang='lat' dir='ltr'>filiarum</span> <span class='ocrx_word' id='word_1_45' title='bbox 1036 1431 1198 1504; x_wconf 90' lang='lat' dir='ltr'>doctrina</span> 
     </span>
     <span class='ocr_line' id='line_1_8' title="bbox 133 1543 1197 1648; baseline -0.001 -20"><span class='ocrx_word' id='word_1_46' title='bbox 133 1543 272 1638; x_wconf 86' lang='lat' dir='ltr'>demat,</span> <span class='ocrx_word' id='word_1_47' title='bbox 294 1574 374 1628; x_wconf 91' lang='lat' dir='ltr'>cum</span> <span class='ocrx_word' id='word_1_48' title='bbox 397 1575 541 1628; x_wconf 91' lang='lat' dir='ltr'>omnem</span> <span class='ocrx_word' id='word_1_49' title='bbox 562 1556 759 1628; x_wconf 81' lang='lat' dir='ltr'><strong>doctrinam</strong></span> <span class='ocrx_word' id='word_1_50' title='bbox 786 1556 831 1628; x_wconf 88' lang='lat' dir='ltr'>ad</span> <span class='ocrx_word' id='word_1_51' title='bbox 855 1557 1053 1648; x_wconf 79' lang='lat' dir='ltr'>augendam</span> <span class='ocrx_word' id='word_1_52' title='bbox 1074 1573 1197 1629; x_wconf 91' lang='lat' dir='ltr'>earum</span> 
     </span>
     <span class='ocr_line' id='line_1_9' title="bbox 134 1679 1198 1772; baseline 0.002 -23"><span class='ocrx_word' id='word_1_53' title='bbox 134 1679 301 1752; x_wconf 88' lang='lat' dir='ltr'>virtutem</span> <span class='ocrx_word' id='word_1_54' title='bbox 322 1687 357 1753; x_wconf 94' lang='lat' dir='ltr'>et</span> <span class='ocrx_word' id='word_1_55' title='bbox 376 1680 583 1772; x_wconf 78' lang='lat' dir='ltr'>pudicitiam</span> <span class='ocrx_word' id='word_1_56' title='bbox 602 1681 766 1753; x_wconf 91' lang='lat' dir='ltr'>intendat</span> <span class='ocrx_word' id='word_1_57' title='bbox 784 1680 900 1762; x_wconf 82' lang='lat' dir='ltr'>Vives,</span> <span class='ocrx_word' id='word_1_58' title='bbox 920 1687 954 1753; x_wconf 91' lang='lat' dir='ltr'>et</span> <span class='ocrx_word' id='word_1_59' title='bbox 973 1680 1053 1752; x_wconf 93' lang='lat' dir='ltr'>ideo</span> <span class='ocrx_word' id='word_1_60' title='bbox 1073 1698 1198 1752; x_wconf 91' lang='lat' dir='ltr'>omnes</span> 
     </span>
     <span class='ocr_line' id='line_1_10' title="bbox 133 1803 1199 1896; baseline 0.001 -22"><span class='ocrx_word' id='word_1_61' title='bbox 133 1822 245 1876; x_wconf 86' lang='lat' dir='ltr'>ranas</span> <span class='ocrx_word' id='word_1_62' title='bbox 265 1812 299 1876; x_wconf 94' lang='lat' dir='ltr'>et</span> <span class='ocrx_word' id='word_1_63' title='bbox 319 1805 478 1876; x_wconf 88' lang='lat' dir='ltr'>curiosas</span> <span class='ocrx_word' id='word_1_64' title='bbox 498 1813 592 1879; x_wconf 90' lang='lat' dir='ltr'>artes</span> <span class='ocrx_word' id='word_1_65' title='bbox 619 1805 835 1896; x_wconf 88' lang='lat' dir='ltr'>prohibeat;</span> <span class='ocrx_word' id='word_1_66' title='bbox 862 1824 935 1876; x_wconf 93' lang='lat' dir='ltr'>non</span> <span class='ocrx_word' id='word_1_67' title='bbox 963 1803 1199 1894; x_wconf 88' lang='lat' dir='ltr'>improbanda</span> 
     </span>
     <span class='ocr_line' id='line_1_11' title="bbox 134 1928 1197 2020; baseline -0.002 -18"><span class='ocrx_word' id='word_1_68' title='bbox 134 1929 280 2002; x_wconf 88' lang='lat' dir='ltr'>tandem</span> <span class='ocrx_word' id='word_1_69' title='bbox 297 1931 364 2002; x_wconf 92' lang='lat' dir='ltr'>erit</span> <span class='ocrx_word' id='word_1_70' title='bbox 380 1929 424 2001; x_wconf 95' lang='lat' dir='ltr'>iis</span> <span class='ocrx_word' id='word_1_71' title='bbox 441 1931 502 2020; x_wconf 86' lang='lat' dir='ltr'>qui</span> <span class='ocrx_word' id='word_1_72' title='bbox 520 1931 673 2002; x_wconf 84' lang='lat' dir='ltr'>manime</span> <span class='ocrx_word' id='word_1_73' title='bbox 688 1930 832 2002; x_wconf 83' lang='lat' dir='ltr'>leminis</span> <span class='ocrx_word' id='word_1_74' title='bbox 843 1928 1051 2002; x_wconf 91' lang='lat' dir='ltr'>erudiendis</span> <span class='ocrx_word' id='word_1_75' title='bbox 1065 1929 1197 2009; x_wconf 88' lang='lat' dir='ltr'>lavent,</span> 
     </span>
     <span class='ocr_line' id='line_1_12' title="bbox 135 2055 1197 2146; baseline 0 -20"><span class='ocrx_word' id='word_1_76' title='bbox 135 2073 216 2126; x_wconf 89' lang='lat' dir='ltr'>cum</span> <span class='ocrx_word' id='word_1_77' title='bbox 236 2055 340 2127; x_wconf 84' lang='lat' dir='ltr'>Vives</span> <span class='ocrx_word' id='word_1_78' title='bbox 364 2055 437 2126; x_wconf 94' lang='lat' dir='ltr'>illis</span> <span class='ocrx_word' id='word_1_79' title='bbox 458 2055 753 2136; x_wconf 86' lang='lat' dir='ltr'>Grammatioam,</span> <span class='ocrx_word' id='word_1_80' title='bbox 778 2055 1020 2136; x_wconf 83' lang='lat' dir='ltr'>Rhetoricam,</span> <span class='ocrx_word' id='word_1_81' title='bbox 1041 2055 1197 2146; x_wconf 84' lang='lat' dir='ltr'>poesim,</span> 
     </span>
     <span class='ocr_line' id='line_1_13' title="bbox 134 2177 1200 2270; baseline 0.001 -23"><span class='ocrx_word' id='word_1_82' title='bbox 134 2177 404 2270; x_wconf 84' lang='lat' dir='ltr'>philosophiam</span> <span class='ocrx_word' id='word_1_83' title='bbox 435 2181 619 2259; x_wconf 84' lang='lat' dir='ltr'>moralem,</span> <span class='ocrx_word' id='word_1_84' title='bbox 650 2187 798 2251; x_wconf 88' lang='lat' dir='ltr'>naturae</span> <span class='ocrx_word' id='word_1_85' title='bbox 824 2179 1080 2270; x_wconf 79' lang='lat' dir='ltr'>cognitionem,</span> <span class='ocrx_word' id='word_1_86' title='bbox 1103 2177 1200 2250; x_wconf 83' lang='lat' dir='ltr'>hris-</span> 
     </span>
     <span class='ocr_line' id='line_1_14' title="bbox 135 2301 1201 2394; baseline 0.001 -21"><span class='ocrx_word' id='word_1_87' title='bbox 135 2302 274 2385; x_wconf 88' lang='lat' dir='ltr'>totelis,</span> <span class='ocrx_word' id='word_1_88' title='bbox 297 2303 478 2387; x_wconf 84' lang='lat' dir='ltr'>Platonis,</span> <span class='ocrx_word' id='word_1_89' title='bbox 502 2303 682 2375; x_wconf 83' lang='lat' dir='ltr'>Ciceronis</span> <span class='ocrx_word' id='word_1_90' title='bbox 708 2311 743 2375; x_wconf 93' lang='lat' dir='ltr'>et</span> <span class='ocrx_word' id='word_1_91' title='bbox 768 2305 922 2375; x_wconf 88' lang='lat' dir='ltr'>Senecae</span> <span class='ocrx_word' id='word_1_92' title='bbox 947 2303 1078 2394; x_wconf 79' lang='lat' dir='ltr'>scripio</span> <span class='ocrx_word' id='word_1_93' title='bbox 1101 2301 1201 2374; x_wconf 89' lang='lat' dir='ltr'>adire</span> 
     </span>
     <span class='ocr_line' id='line_1_15' title="bbox 135 2424 1198 2520; baseline -0.002 -22"><span class='ocrx_word' id='word_1_94' title='bbox 135 2427 319 2519; x_wconf 87' lang='lat' dir='ltr'>permittat</span> <span class='ocrx_word' id='word_1_95' title='bbox 337 2435 399 2500; x_wconf 90' lang='lat' dir='ltr'>aut</span> <span class='ocrx_word' id='word_1_96' title='bbox 419 2429 527 2500; x_wconf 90' lang='lat' dir='ltr'>etiam</span> <span class='ocrx_word' id='word_1_97' title='bbox 543 2428 680 2516; x_wconf 85' lang='lat' dir='ltr'>jubeat.</span> <span class='ocrx_word' id='word_1_98' title='bbox 703 2429 778 2501; x_wconf 95' lang='lat' dir='ltr'>lllis</span> <span class='ocrx_word' id='word_1_99' title='bbox 795 2425 1006 2520; x_wconf 79' lang='lat' dir='ltr'>reipublicae</span> <span class='ocrx_word' id='word_1_100' title='bbox 1023 2424 1198 2498; x_wconf 79' lang='lat' dir='ltr'>adminis-</span> 
     </span>
     <span class='ocr_line' id='line_1_16' title="bbox 135 2529 1200 2644; baseline 0.006 -26"><span class='ocrx_word' id='word_1_101' title='bbox 135 2549 292 2620; x_wconf 80' lang='lat' dir='ltr'>trandae</span> <span class='ocrx_word' id='word_1_102' title='bbox 312 2552 461 2625; x_wconf 87' lang='lat' dir='ltr'>scientia</span> <span class='ocrx_word' id='word_1_103' title='bbox 478 2552 723 2636; x_wconf 75' lang='lat' dir='ltr'>interdixisse,</span> <span class='ocrx_word' id='word_1_104' title='bbox 741 2529 877 2625; x_wconf 91' lang='lat' dir='ltr'>nemini</span> <span class='ocrx_word' id='word_1_105' title='bbox 893 2552 1057 2644; x_wconf 88' lang='lat' dir='ltr'>improbe</span> <span class='ocrx_word' id='word_1_106' title='bbox 1070 2552 1200 2624; x_wconf 86' lang='lat' dir='ltr'>iactum</span> 
     </span>
     <span class='ocr_line' id='line_1_17' title="bbox 135 2673 1199 2750; baseline 0.002 -5"><span class='ocrx_word' id='word_1_107' title='bbox 135 2673 328 2746; x_wconf 85' lang='lat' dir='ltr'>ridebitur.</span> <span class='ocrx_word' id='word_1_108' title='bbox 352 2677 420 2748; x_wconf 80' lang='lat' dir='ltr'>llas</span> <span class='ocrx_word' id='word_1_109' title='bbox 439 2695 520 2748; x_wconf 90' lang='lat' dir='ltr'>vero</span> <span class='ocrx_word' id='word_1_110' title='bbox 540 2676 586 2748; x_wconf 89' lang='lat' dir='ltr'>ab</span> <span class='ocrx_word' id='word_1_111' title='bbox 605 2677 756 2749; x_wconf 87' lang='lat' dir='ltr'>historia</span> <span class='ocrx_word' id='word_1_112' title='bbox 778 2685 813 2750; x_wconf 91' lang='lat' dir='ltr'>et</span> <span class='ocrx_word' id='word_1_113' title='bbox 833 2675 1093 2750; x_wconf 85' lang='lat' dir='ltr'>mathematicis</span> <span class='ocrx_word' id='word_1_114' title='bbox 1113 2677 1199 2748; x_wconf 90' lang='lat' dir='ltr'>arli-</span> 
     </span>
    </p>
   </div>
   <div class='ocr_carea' id='block_1_5' title="bbox 12 2799 1203 2894">
    <p class='ocr_par' dir='ltr' id='par_1_5' title="bbox 12 2799 1203 2894">
     <span class='ocr_line' id='line_1_18' title="bbox 12 2799 1203 2894; baseline -0.003 -18"><span class='ocrx_word' id='word_1_115' title='bbox 12 2871 17 2876; x_wconf 88' lang='lat'>.</span> <span class='ocrx_word' id='word_1_116' title='bbox 136 2799 208 2871; x_wconf 91' lang='lat' dir='ltr'>bus</span> <span class='ocrx_word' id='word_1_117' title='bbox 235 2800 465 2890; x_wconf 90' lang='lat' dir='ltr'>prohibuisse</span> <span class='ocrx_word' id='word_1_118' title='bbox 497 2821 569 2873; x_wconf 90' lang='lat' dir='ltr'>non</span> <span class='ocrx_word' id='word_1_119' title='bbox 604 2803 654 2874; x_wconf 93' lang='lat' dir='ltr'>ita</span> <span class='ocrx_word' id='word_1_120' title='bbox 687 2803 912 2894; x_wconf 89' lang='lat' dir='ltr'>probandum</span> <span class='ocrx_word' id='word_1_121' title='bbox 946 2809 1061 2883; x_wconf 90' lang='lat' dir='ltr'>esset,</span> <span class='ocrx_word' id='word_1_122' title='bbox 1097 2802 1127 2874; x_wconf 94' lang='lat' dir='ltr'>si</span> <span class='ocrx_word' id='word_1_123' title='bbox 1160 2819 1203 2874; x_wconf 89' lang='lat' dir='ltr'>ea</span> 
     </span>
    </p>
   </div>
   <div class='ocr_carea' id='block_1_6' title="bbox 137 2926 1297 3516">
    <p class='ocr_par' dir='ltr' id='par_1_6' title="bbox 137 2926 1297 3516">
     <span class='ocr_line' id='line_1_19' title="bbox 137 2926 1200 3018; baseline 0.002 -20"><span class='ocrx_word' id='word_1_124' title='bbox 137 2933 234 2998; x_wconf 87' lang='lat' dir='ltr'>esset</span> <span class='ocrx_word' id='word_1_125' title='bbox 268 2926 461 3016; x_wconf 88' lang='lat' dir='ltr'>prohibitio</span> <span class='ocrx_word' id='word_1_126' title='bbox 498 2946 590 3018; x_wconf 85' lang='lat' dir='ltr'>quae</span> <span class='ocrx_word' id='word_1_127' title='bbox 625 2946 767 3000; x_wconf 92' lang='lat' dir='ltr'>omnem</span> <span class='ocrx_word' id='word_1_128' title='bbox 802 2928 1075 3018; x_wconf 91' lang='lat' dir='ltr'>praeteritorum</span> <span class='ocrx_word' id='word_1_129' title='bbox 1110 2935 1200 3000; x_wconf 91' lang='lat' dir='ltr'>tem·</span> 
     </span>
     <span class='ocr_line' id='line_1_20' title="bbox 137 3026 1203 3142; baseline 0.003 -23"><span class='ocrx_word' id='word_1_130' title='bbox 137 3067 266 3140; x_wconf 93' lang='lat' dir='ltr'>porum</span> <span class='ocrx_word' id='word_1_131' title='bbox 296 3058 357 3122; x_wconf 91' lang='lat' dir='ltr'>aot</span> <span class='ocrx_word' id='word_1_132' title='bbox 387 3053 665 3142; x_wconf 89' lang='lat' dir='ltr'>computationis</span> <span class='ocrx_word' id='word_1_133' title='bbox 696 3026 860 3123; x_wconf 82' lang='lat' dir='ltr'>notitiam</span> <span class='ocrx_word' id='word_1_134' title='bbox 890 3051 1105 3124; x_wconf 85' lang='lat' dir='ltr'>excluderet.</span> <span class='ocrx_word' id='word_1_135' title='bbox 1133 3049 1203 3124; x_wconf 88' lang='lat' dir='ltr'>Sed</span> 
     </span>
     <span class='ocr_line' id='line_1_21' title="bbox 139 3174 1204 3268; baseline 0.004 -24"><span class='ocrx_word' id='word_1_136' title='bbox 139 3174 444 3263; x_wconf 87' lang='lat' dir='ltr'>quemadmodum</span> <span class='ocrx_word' id='word_1_137' title='bbox 478 3194 519 3247; x_wconf 83' lang='lat' dir='ltr'>er</span> <span class='ocrx_word' id='word_1_138' title='bbox 548 3184 697 3248; x_wconf 91' lang='lat' dir='ltr'>naturae</span> <span class='ocrx_word' id='word_1_139' title='bbox 726 3176 846 3248; x_wconf 91' lang='lat' dir='ltr'>studio</span> <span class='ocrx_word' id='word_1_140' title='bbox 876 3195 917 3247; x_wconf 88' lang='lat' dir='ltr'>oa</span> <span class='ocrx_word' id='word_1_141' title='bbox 949 3176 1089 3268; x_wconf 91' lang='lat' dir='ltr'>decerpi</span> <span class='ocrx_word' id='word_1_142' title='bbox 1117 3175 1204 3248; x_wconf 92' lang='lat' dir='ltr'>sinit</span> 
     </span>
     <span class='ocr_line' id='line_1_22' title="bbox 139 3281 1201 3392; baseline 0.005 -25"><span class='ocrx_word' id='word_1_143' title='bbox 139 3316 233 3388; x_wconf 90' lang='lat' dir='ltr'>quae</span> <span class='ocrx_word' id='word_1_144' title='bbox 251 3298 297 3371; x_wconf 89' lang='lat' dir='ltr'>ad</span> <span class='ocrx_word' id='word_1_145' title='bbox 317 3301 506 3372; x_wconf 86' lang='lat' dir='ltr'>utilitatem</span> <span class='ocrx_word' id='word_1_146' title='bbox 526 3307 588 3372; x_wconf 90' lang='lat' dir='ltr'>aut</span> <span class='ocrx_word' id='word_1_147' title='bbox 610 3301 871 3391; x_wconf 86' lang='lat' dir='ltr'>jucunditatem</span> <span class='ocrx_word' id='word_1_148' title='bbox 893 3281 984 3373; x_wconf 87' lang='lat' dir='ltr'>ritae</span> <span class='ocrx_word' id='word_1_149' title='bbox 1003 3301 1201 3392; x_wconf 89' lang='lat' dir='ltr'>pertinent,</span> 
     </span>
     <span class='ocr_line' id='line_1_23' title="bbox 138 3407 1297 3516; baseline 0.001 -22"><span class='ocrx_word' id='word_1_150' title='bbox 138 3422 191 3495; x_wconf 85' lang='lat' dir='ltr'>ita</span> <span class='ocrx_word' id='word_1_151' title='bbox 209 3442 251 3494; x_wconf 85' lang='lat' dir='ltr'>en</span> <span class='ocrx_word' id='word_1_152' title='bbox 266 3423 417 3496; x_wconf 89' lang='lat' dir='ltr'>historia</span> <span class='ocrx_word' id='word_1_153' title='bbox 435 3425 551 3516; x_wconf 81' lang='lat' dir='ltr'>colligi</span> <span class='ocrx_word' id='word_1_154' title='bbox 568 3425 731 3516; x_wconf 84' lang='lat' dir='ltr'>exempla</span> <span class='ocrx_word' id='word_1_155' title='bbox 744 3443 836 3515; x_wconf 88' lang='lat' dir='ltr'>quae</span> <span class='ocrx_word' id='word_1_156' title='bbox 851 3425 1046 3496; x_wconf 92' lang='lat' dir='ltr'>liberorum</span> <span class='ocrx_word' id='word_1_157' title='bbox 1063 3423 1204 3495; x_wconf 91' lang='lat' dir='ltr'>animos</span> <span class='ocrx_word' id='word_1_158' title='bbox 1295 3407 1297 3414; x_wconf 62' lang='grc'>’</span> 
     </span>
    </p>
   </div>
   <div class='ocr_carea' id='block_1_7' title="bbox 139 3529 1317 3641">
    <p class='ocr_par' dir='ltr' id='par_1_7' title="bbox 139 3529 1317 3641">
     <span class='ocr_line' id='line_1_24' title="bbox 139 3529 1317 3641; baseline -0.001 -21"><span class='ocrx_word' id='word_1_159' title='bbox 139 3545 319 3620; x_wconf 84' lang='lat' dir='ltr'>oblectare</span> <span class='ocrx_word' id='word_1_160' title='bbox 334 3556 368 3623; x_wconf 92' lang='lat' dir='ltr'>et</span> <span class='ocrx_word' id='word_1_161' title='bbox 383 3568 500 3621; x_wconf 92' lang='lat' dir='ltr'>mores</span> <span class='ocrx_word' id='word_1_162' title='bbox 515 3550 708 3622; x_wconf 81' lang='lat' dir='ltr'>informare</span> <span class='ocrx_word' id='word_1_163' title='bbox 726 3557 891 3641; x_wconf 90' lang='lat' dir='ltr'>possunt,</span> <span class='ocrx_word' id='word_1_164' title='bbox 908 3567 927 3621; x_wconf 94' lang='lat' dir='ltr'>e</span> <span class='ocrx_word' id='word_1_165' title='bbox 944 3547 1204 3621; x_wconf 86' lang='lat' dir='ltr'>mathematicis</span> <span class='ocrx_word' id='word_1_166' title='bbox 1315 3529 1317 3534; x_wconf 61' lang='grc'><strong>’</strong></span> 
     </span>
    </p>
   </div>
   <div class='ocr_carea' id='block_1_8' title="bbox 140 3672 1206 4017">
    <p class='ocr_par' dir='ltr' id='par_1_8' title="bbox 140 3672 1206 4017">
     <span class='ocr_line' id='line_1_25' title="bbox 140 3672 1205 3765; baseline 0.001 -22"><span class='ocrx_word' id='word_1_167' title='bbox 140 3672 319 3764; x_wconf 83' lang='lat' dir='ltr'>quidquid</span> <span class='ocrx_word' id='word_1_168' title='bbox 351 3674 511 3765; x_wconf 89' lang='lat' dir='ltr'>proderit</span> <span class='ocrx_word' id='word_1_169' title='bbox 543 3674 744 3746; x_wconf 89' lang='lat' dir='ltr'>rationibus</span> <span class='ocrx_word' id='word_1_170' title='bbox 779 3674 935 3746; x_wconf 83' lang='lat' dir='ltr'>familiae</span> <span class='ocrx_word' id='word_1_171' title='bbox 971 3672 1205 3764; x_wconf 88' lang='lat' dir='ltr'>sumptuariis</span> 
     </span>
     <span class='ocr_line' id='line_1_26' title="bbox 140 3797 1206 3889; baseline -0.001 -21"><span class='ocrx_word' id='word_1_172' title='bbox 140 3804 235 3869; x_wconf 91' lang='lat' dir='ltr'>recte</span> <span class='ocrx_word' id='word_1_173' title='bbox 255 3797 499 3870; x_wconf 88' lang='lat' dir='ltr'>subducendis</span> <span class='ocrx_word' id='word_1_174' title='bbox 519 3797 646 3889; x_wconf 93' lang='lat' dir='ltr'>probat</span> <span class='ocrx_word' id='word_1_175' title='bbox 661 3798 779 3870; x_wconf 86' lang='lat' dir='ltr'>Vives.</span> <span class='ocrx_word' id='word_1_176' title='bbox 798 3797 900 3884; x_wconf 89' lang='lat' dir='ltr'>Quod</span> <span class='ocrx_word' id='word_1_177' title='bbox 920 3798 951 3868; x_wconf 87' lang='lat' dir='ltr'>si</span> <span class='ocrx_word' id='word_1_178' title='bbox 972 3815 1045 3867; x_wconf 93' lang='lat' dir='ltr'>non</span> <span class='ocrx_word' id='word_1_179' title='bbox 1065 3801 1206 3868; x_wconf 89' lang='lat' dir='ltr'>sumere</span> 
     </span>
     <span class='ocr_line' id='line_1_27' title="bbox 140 3919 1206 4017; baseline -0.001 -24"><span class='ocrx_word' id='word_1_180' title='bbox 140 3922 226 3995; x_wconf 88' lang='lat' dir='ltr'>licet</span> <span class='ocrx_word' id='word_1_181' title='bbox 244 3942 287 3996; x_wconf 84' lang='lat' dir='ltr'>er</span> <span class='ocrx_word' id='word_1_182' title='bbox 311 3923 427 3996; x_wconf 90' lang='lat' dir='ltr'>tribus</span> <span class='ocrx_word' id='word_1_183' title='bbox 447 3923 612 4015; x_wconf 90' lang='lat' dir='ltr'>capitulis</span> <span class='ocrx_word' id='word_1_184' title='bbox 636 3919 683 4017; x_wconf 80' lang='lat' dir='ltr'>(l)</span> <span class='ocrx_word' id='word_1_185' title='bbox 714 3923 751 3994; x_wconf 95' lang='lat' dir='ltr'>in</span> <span class='ocrx_word' id='word_1_186' title='bbox 781 3923 914 4013; x_wconf 83' lang='lat' dir='ltr'>quibus</span> <span class='ocrx_word' id='word_1_187' title='bbox 938 3930 1032 3995; x_wconf 91' lang='lat' dir='ltr'>artes</span> <span class='ocrx_word' id='word_1_188' title='bbox 1062 3920 1206 3996; x_wconf 83' lang='lat' dir='ltr'>leminis</span> 
     </span>
    </p>
   </div>
   <div class='ocr_carea' id='block_1_9' title="bbox 140 4215 1207 4368">
    <p class='ocr_par' dir='ltr' id='par_1_9' title="bbox 140 4215 1207 4368">
     <span class='ocr_line' id='line_1_28' title="bbox 174 4215 1207 4289; baseline 0.002 -23"><span class='ocrx_word' id='word_1_189' title='bbox 174 4216 207 4281; x_wconf 88' lang='lat' dir='ltr'>(i)</span> <span class='ocrx_word' id='word_1_190' title='bbox 222 4217 287 4280; x_wconf 84' lang='lat' dir='ltr'>Gap.</span> <span class='ocrx_word' id='word_1_191' title='bbox 305 4217 386 4289; x_wconf 16' lang='lat' dir='ltr'>lv‘et</span> <span class='ocrx_word' id='word_1_192' title='bbox 399 4217 424 4267; x_wconf 92' lang='lat' dir='ltr'>V</span> <span class='ocrx_word' id='word_1_193' title='bbox 439 4217 501 4268; x_wconf 89' lang='lat' dir='ltr'>libri</span> <span class='ocrx_word' id='word_1_194' title='bbox 514 4217 597 4281; x_wconf 89' lang='lat' dir='ltr'>primi</span> <span class='ocrx_word' id='word_1_195' title='bbox 610 4222 648 4266; x_wconf 80' lang='lat' dir='ltr'>lte</span> <span class='ocrx_word' id='word_1_196' title='bbox 661 4219 787 4267; x_wconf 84' lang='lat' dir='ltr'>institut.</span> <span class='ocrx_word' id='word_1_197' title='bbox 803 4219 868 4276; x_wconf 74' lang='lat' dir='ltr'>sem.</span> <span class='ocrx_word' id='word_1_198' title='bbox 885 4218 1077 4276; x_wconf 78' lang='lat' dir='ltr'>christianae,-</span> <span class='ocrx_word' id='word_1_199' title='bbox 1092 4229 1149 4280; x_wconf 86' lang='lat' dir='ltr'>cap.</span> <span class='ocrx_word' id='word_1_200' title='bbox 1167 4215 1207 4268; x_wconf 91' lang='lat' dir='ltr'>Ill</span> 
     </span>
     <span class='ocr_line' id='line_1_29' title="bbox 140 4308 411 4368; baseline 0.004 -11"><span class='ocrx_word' id='word_1_201' title='bbox 140 4311 181 4358; x_wconf 84' lang='lat' dir='ltr'>De</span> <span class='ocrx_word' id='word_1_202' title='bbox 194 4308 288 4368; x_wconf 69' lang='lat' dir='ltr'>Officio</span> <span class='ocrx_word' id='word_1_203' title='bbox 305 4309 411 4358; x_wconf 84' lang='lat' dir='ltr'>martti.</span> 
     </span>
    </p>
   </div>
   <div class='ocr_carea' id='block_1_10' title="bbox 0 0 1661 5480">
    <p class='ocr_par' dir='ltr' id='par_1_10' title="bbox 0 0 1661 5480">
     <span class='ocr_line' id='line_1_30' title="bbox 0 0 1661 5480; baseline 0 0"><span class='ocrx_word' id='word_1_204' title='bbox 0 0 1661 5480; x_wconf 95' lang='lat' dir='ltr'> </span> 
     </span>
    </p>
   </div>
  </div>
 </body>
</html>
